3100 4775
182 591 185 598 ⁵
253 662 259 672 ·
334 662 383 765 ,a
486 653 1202 746 aaaunutanuuuarum

334 840 411 934 Age
428 837 696 936 porro,‚sciffct:
734 865 841 937 quum
858 865 988 918 creater
1005 841 1182 940 masculus,
1302 837 1312 914 f

332 958 545 1032 Beneficium
561 985 723 1058 magnum
740 961 815 1036 sane
829 963 938 1040 natali
955 964 1071 1059 dedit3

331 1083 382 1153 Ut
401 1083 619 1176 expectarem
635 1082 766 1159 lanium
782 1085 818 1156 in
836 1085 937 1158 horas
954 1084 1111 1184 sangulas.
1233 1150 1237 1166 .
1260 1115 1262 1123 '
1295 1139 1304 1154 ·

331 1203 439 1297 Cujus
455 1201 603 1296 potestas
621 1203 713 1276 nulla
729 1207 764 1280 in
780 1207 954 1304 gignendo
969 1205 1064 1299 fuit,
1164 1217 1168 1224 ’

331 1321 404 1391 Cur
417 1322 480 1390 hac
497 1321 685 1420 fitputior,
703 1347 791 1420 quae
803 1325 949 1420 jacentis
966 1325 1193 1420 miscritafest‘,
1264 1368 1266 1379 ·
1290 1373 1310 1394 .=

331 1441 546 1538 Dulcemque
562 1443 707 1538 praestat
724 1442 845 1542 sponte
861 1446 1156 1524 benevolentiam?

330 1559 427 1634 Facit
445 1579 602 1658 parentes
617 1563 766 1657 bonitas,
791 1590 862 1642 non
880 1567 1063 1648 neceffitas.
1173 1577 1176 1588 '

381 1683 444 1768 His
459 1681 692 1757 demonstrare
709 1685 820 1760 voluit
836 1691 954 1791 auctor
972 1689 1134 1784 verubus,

329 1802 501 1876 Obfistere
518 1805 673 1887 homines
688 1804 831 1910 legibus,
857 1813 987 1884 meritis
1006 1813 1095 1914 capi.
1188 1875 1192 1884 .

622 2060 965 2154 lFAB.·XV1.
1073 2117 1079 2126 ·
1290 2181 1302 2200 ,Ν

502 2229 1076 2360 'ercnuuarruucjrua
1229 2253 1313 2325 5

432 2388 702 2487 Unam-rm
733 2413 842 2513 quise
861 2442 931 2492 non
948 2422 1197 2516 accommodat,

482 2512 686 2631 Plerumque
701 2560 826 2633 poenas
843 2545 975 2639 oppetit
988 2540 1171 2643 superbiae.
1241 2596 1244 2601 -
1272 2544 1290 2571 ⁶
1318 2596 1320 2599 -
1359 2545 1364 2549 ⁴

380 2654 509 2725 Cicada
525 2654 686 2744 acerbum
700 2658 859 2734 Nostrae
876 2666 1090 2739 convicium·
1289 2660 1318 2681 “’

330 2773 502 2866 Faciebat,
525 2772 642 2853 solitae
657 2780 787 2855 victum
804 2783 840 2855 in
858 2782 1006 2857 tenebris
1023 2808 1197 2883 quaerore,
1243 2810 1246 2817 ·
1344 2807 1346 2811 ’

331 2894 497 2991 Cavoque
514 2918 744 2996 ramocapcre
760 2898 914 2979 somnum
932 2907 1104 2981 interdiu..
1203 2931 1206 2937 ·
1293 2917 1321 2973 ¹².

329 3010 467 3114 Rogata
484 3033 559 3087 tum
575 3034 717 3108 taceret,
747 3022 862 3105 multo
879 3024 1023 3099 ualidius
1093 3071 1095 3082 ·
1126 3058 1142 3068 ¹·
1297 3032 1305 3043 '

331 3131 488 3206 Clamare
505 3140 629 3233 coepit.
684 3138 811 3218 Rursus
829 3144 965 3221 admota
981 3166 1104 3244 prece,
1151 3178 1156 3187 ·

331 3254 483 3329 Accensa
501 3261 607 3355 magis
624 3259 688 3337 cst.
741 3266 895 3357 Noctua,
921 3286 960 3343 ut
978 3270 1067 3343 uidit
1084 3270 1145 3345 fibi

329 3375 430 3449 Nihil
448 3374 512 3487 affe
528 3381 659 3474 auxilii,
687 3401 723 3462 et
739 3386 849 3460 verba·
863 3394 1036 3464 contemni
1054 3391 1122 3485 sua,
1212 3432 1216 3442 ·
1288 3396 1301 3437 ''

332 3501 405 3570 Hac
422 3498 471 3571 est
489 3501 637 3599 adgreffa
652 3509 823 3602 garrulam
840 3510 998 3585 fallacii:
1109 3540 1113 3549 ’
1250 3543 1270 3573 ·2
1291 3509 1322 3579 rt

331 3615 496 3689 Dormire
512 3623 593 3715 quia
611 3644 666 3703 me
683 3650 754 3698 non
771 3627 882 3702 fiuant
903 3649 1020 3705 cantus
1039 3636 1104 3725 tui,
1130 3652 1133 3666 ·
1178 3680 1203 3697 12
1259 3632 1271 3697 i

331 3740 458 3832 Sonare
476 3742 605 3824 cithari
622 3751 797 3847 quosquis
814 3770 912 3847 putet
932 3756 1153 3852 Apollinem,
1175 3858 1202 3929 P

1203 3876 1302 3933 utare
