3100 4775
388 683 431 748 ;·’
548 677 868 754 LIBERI.
981 693 985 704 ·
1093 681 1100 689 ’

248 856 298 932 Et
312 858 508 934 venditaret
522 857 605 932 falso
620 858 817 933 antidotum
833 858 987 950 nomine,
1043 907 1047 916 ·

247 975 408 1048 Verbofis
425 977 610 1073 adquifivit·
620 977 682 1048 fibi
697 977 824 1082 somam
840 977 999 1075 strophio.

246 1092 330 1180 Hic,
348 1118 427 1166 cum
440 1096 571 1191 jaceret
588 1095 712 1168 morbo
728 1095 904 1168 confecius
919 1096 1032 1192 gravi,

246 1207 327 1280 Rex
342 1213 445 1304 urbis,
469 1216 541 1310 ejus
556 1216 753 1314 experiendi
768 1211 891 1311 gratiis,

249 1333 425 1431 Scyphum
441 1333 607 1434 poposcit,
628 1334 700 1417 fosi
713 1337 795 1409 dein
812 1336 967 1408 fimulans
983 1335 1070 1434 oqui
1202 1336 1229 1384 ·²

148 1483 163 1514 s
249 1450 425 1523 Antidoto
441 1451 581 1526 miscere
596 1455 685 1527 illius
701 1454 734 1528 se
747 1456 917 1546 toxicum,

248 1569 325 1639 Hoc
337 1568 455 1640 bibere
465 1570 558 1667 juffit
575 1573 693 1670 ipsum,
719 1570 828 1668 pofito
845 1573 1011 1668 praemio.

248 1683 394 1756 Timore
407 1691 527 1758 mortis
543 1689 598 1760 iile
611 1708 685 1760 tum
703 1687 866 1762 confeffus
880 1685 944 1782 cst,

249 1801 335 1871 Non
352 1804 433 1874 artis
450 1803 516 1876 ulli
531 1805 683 1877 medicae
698 1801 730 1876 se
748 1803 942 1902 prudentii,
974 1835 980 1842 ·

249 1919 380 1992 chm
394 1923 531 2020 stupore
549 1925 643 2021 vulgi
653 1924 785 1996 facum
803 1923 969 1996 nobilem.

249 2036 330 2108 Rex
346 2041 511 2114 advocati
527 2046 696 2116 concione
706 2045 790 2114 haec
808 2043 938 2114 edidit:

225 2163 228 2168 ’
248 2159 408 2258 Quantae
423 2167 549 2262 putatis
566 2164 630 2238 effe
647 2189 710 2240 vos
726 2167 933 2255 dementiae,

249 2283 321 2382 Qu
338 2287 450 2382 capita
466 2284 577 2358 vestra
593 2311 665 2359 non
680 2286 844 2360 dubitatis
860 2285 1012 2387 credere,

247 2404 319 2475 Cui
335 2406 532 2479 calceandos
548 2426 652 2477 nemo
668 2403 837 2477 commisit
853 2400 980 2501 pedes?

298 2528 377 2599 Hoc
392 2529 564 2623 pertinere
579 2526 621 2599 ad
638 2526 713 2598 ilios
730 2549 811 2599 vere
827 2526 987 2617 dixerim,

246 2640 407 2743 Quorum
423 2641 566 2715 stultitii
580 2641 736 2740 quaestus
751 2641 981 2741 impudentiae
993 2637 1056 2717 est.
1198 2674 1202 2683 ·
1221 2654 1224 2665 '

593 2920 750 2997 ΕΑΒ.
801 2920 882 2993 xv.

456 3088 638 3157 Asinus
661 3112 701 3150 n
720 3083 998 3147 russonum.

303 3253 339 3325 N
365 3254 556 3350 principatu
572 3246 821 3323 commutando
836 3247 980 3333 civium,

328 3374 393 3447 Nil
408 3391 542 3473 pmeter
557 3371 692 3443 domiui
708 3391 837 3442 nomen
854 3380 990 3439 mutant
1007 3378 1181 3459 pauperes.

249 3493 289 3569 Id
305 3492 370 3565 effe
383 3515 517 3583 verum,
540 3515 645 3590 parva
660 3491 744 3563 haec
761 3485 882 3560 fabella
899 3485 1043 3557 indicat.

305 3616 456 3690 Asellum
473 3618 511 3689 in
527 3634 627 3713 prato
641 3613 782 3685 timidus
799 3607 955 3710 pascebat
967 3608 1094 3681 Senex,
1220 3618 1225 3623 '

249 3740 295 3831 Is,
319 3734 472 3808 hostium
488 3734 638 3808 clamore
653 3730 767 3805 subito
784 3730 936 3821 territus,
1073 3748 1077 3757 ·

1051 3790 1222 3915 Suadebat
