3100 4775
402 667 407 675 '
488 657 1057 744 ‘2u11113·uu·n'1.'·5···

234 845 523 946 Calumniamque
537 847 627 920 fietis
643 849 737 922 elusrt
750 839 849 946 jocis}
891 899 897 906 -
951 839 984 848 ”
1092 839 1097 848 ’
1203 839 1209 846 ’

235 965 314 1066 Ego
330 993 394 1066 pro
406 969 494 1040 illius
510 966 628 1056 semita
639 969 707 1040 feci
724 971 830 1058 viam,
855 963 858 970 ’
878 1023 883 1030 .

235 1087 283 1161 Ει
301 1092 455 1186 cogitavi
471 1089 579 1186 plura,
603 1111 707 1184 quam
724 1089 921 1184 reliquerat,

235 1211 275 1281 lu
292 1211 520 1282 calamitatem
537 1208 688 1303 deligens
706 1195 869 1304 quaedam
887 1229 1008 1282 meam.

236 1329 341 1428 Qrud
359 1328 383 1400 ti
399 1331 573 1410 accusator
589 1329 674 1400 alius
691 1328 816 1423 Sejano
832 1326 937 1414 soret,
974 1397 979 1408 ,

238 1449 274 1522 Si
291 1449 385 1522 testis
402 1451 531 1543 alius‚J
521 1447 624 1520 udex
642 1450 724 1520 alius
741 1447 900 1570 denique,

238 1569 398 1688 Dignum
413 1567 539 1641 faterer
554 1562 619 1640 esse
634 1592 691 1641 me
708 1571 812 1640 tantis
830 1570 940 1660 malis,

243 1691 321 1763 Nec
339 1675 392 1760 'his
406 1688 561 1758 dolorem
575 1689 763 1760 delenirem
781 1689 952 1762 remediis.

239 1809 439 1908 Suspicione
456 1808 575 1904 siquis
590 1797 717 1890 errabit
734 1807 803 1902 sua,
911 1855 914 1862 -

143 1965 144 1977 ι
239 1927 289 2002 Et
306 1933 414 2028 rapiet
430 1929 473 2000 ad
490 1927 535 2021 le,
554 1919 656 2025 quod
673 1931 738 2000 erit
755 1946 938 2002 commune
954 1932 1120 2023 omnium,
1207 1913 1213 1925 ¹

242 2051 354 2121 Stulte
371 2049 513 2121 nudabit
530 2051 637 2121 animi
654 2039 940 2122 conscientiam.
1206 2053 1217 2094 ¹

240 2172 331 2243 Huic
349 2157 548 2240 excusatum
567 2159 621 2240 me
638 2167 741 2240 uelim
759 2168 1002 2244 nihilominus.
1068 2214 1073 2222 .
1150 2187 1153 2196 ·

241 2279 611 2387 Neque'enimnotare
621 2287 773 2384 singulos
791 2311 884 2363 mens
901 2288 1078 2380 est-mllri,;
1115 2326 1118 2334 ν
1159 2333 1163 2340 ·

241 2412 373 2482 Vemm
387 2408 488 2507 ipsam
497 2412 605 2482 uitam
618 2428 654 2481 et
667 2433 778 2481 mores
793 2411 972 2483 hominum
985 2408 1181 2483 ostenderet

243 2531 334 2605 Rem
350 2554 406 2603 rue
423 2528 602 2629 professum
619 2532 711 2623 dicet
727 2530 822 2623 sorsrt
839 2534 914 2629 quis
933 2556 1086 2629 grauem.

145 2701 146 2711 ι
242 2654 278 2724 Si
294 2655 435 2750 patriae(
445 2650 597 2747 Aesopus
614 2653 740 2748 potuit,
766 2650 789 2741 [ι
808 2651 1009 2724 Anacharsrs
1026 2652 1101 2727 suae

242 2771 431 2842 Aeternam
448 2766 572 2839 lamam
590 2765 737 2840 co‘r'rdere
753 2770 894 2865 ingenio
911 2768 994 2842 suo:
1037 2777 1041 2785 '

242 2888 334 2985 Ego,
360 2889 514 2959 literatae
529 2890 590 2984 qui
604 2886 678 2959 sum
694 2889 834 2985 propior
852 2888 1028 2985 Grchiae,
1040 2912 1055 2959 ι
1127 2894 1219 2964 1:⁶³.

244 3011 323 3093 Cur'
332 3007 454 3080 somno
466 3010 569 3080 inerti
585 3006 732 3081 deseram
748 3008 879 3102 patriae
895 3007 998 3079 decus
1011 3008 1042 3080 i·
1107 3012 1112 3056 ἵ
1162 3004 1174 3069 ’.
1212 3018 1220 3073 ι·

242 3128 400 3202 Threissa
417 3152 495 3201 cunr
512 3146 769 3223 gensuumerct
787 3124 1043 3217 auctoramus,
1073 3196 1077 3204 ,
1158 3141 1162 3193 ;
1182 3178 1185 3189 .
1212 3132 1222 3152 ·'

147 3235 148 3244 ἵ
243 3248 402 3344 Linoque
420 3248 547 3343 Apollo
563 3247 605 3319 srt
621 3271 755 3343 parens,
781 3242 880 3321 Musa
892 3246 1048 3343 Orphea,

244 3370 314 3467 Qri
333 3369 411 3441 saxa
427 3388 531 3442 cantu
546 3370 673 3458 m'ouit,
696 3368 759 3463 qui
772 3367 908 3456 domuit
924 3367 1025 3469 feras,

243 3491 420 3585 Hebrique
436 3491 550 3561 tenuit
564 3492 711 3584 impetus
728 3487 820 3560 dulci
836 3486 952 3579 mori.v

244 3610 340 3707 Ergo
358 3608 576 3710 hincxabesto
592 3611 715 3698 Livor,
740 3632 784 3681 ne
801 3608 924 3685 frustra
941 3632 1067 3703 gemas,
1116 3620 1120 3629 '
1193 3616 1222 3675 '.·'

243 3733 418 3833 Qroniam
431 3731 505 3827 jam
522 3729 626 3807 solida
642 3731 728 3803 mihi
743 3729 887 3805 debetur
903 3728 1023 3825 glorie.

1095 3806 1220 3925 mauu
