3100 4775
334 744 385 824 ρο
585 693 1129 824 susurrarret:

337 908 441 983 Casus
459 933 562 1009 quern
574 901 818 1006 saepe'transrt,
837 901 1017 1004 aliquando
1034 895 1181 979 invenit.
1235 915 1249 929 ·’
1272 888 1300 973 Ὗ

335 1031 422 1102 Cito
439 1028 481 1101 ad
499 1044 656 1100 naturam
671 1026 751 1100 fisia
768 1021 954 1098 reciderint
971 1021 1073 1100 suam.
1234 1039 1240 1046 '

335 1145 422 1216 Cito
440 1141 690 1241 ignominia‘fit
702 1140 833 1239 superbi
852 1142 972 1238 gloria.
1004 1155 1022 1162 ··
1067 1135 1070 1142 ’

336 1261 465 1333 Comes
482 1260 645 1333 facundus
667 1261 704 1330 in
722 1259 779 1330 via
795 1281 858 1354 pro
875 1253 1033 1328 vestibulo
1050 1254 1113 1328 est.
1187 1277 1190 1284 ·
1295 1272 1302 1310 ¹

191 1459 194 1466 .
337 1373 510 1448 Confiteta
528 1376 615 1448 vitia
629 1373 783 1466 serimus,
807 1397 878 1446 non
897 1374 1141 1470 reprendimus.
1174 1421 1190 1461 ·.
1293 1363 1300 1399 ¹

337 1495 473 1566 Contra
489 1492 721 1590 impudentem
739 1491 843 1563 stulta
859 1490 908 1563 est
927 1493 1031 1562 nimia
1048 1491 1253 1586 ingenuitas.

337 1614 484 1686 Crimen
503 1612 665 1708 relinquit
682 1614 789 1701 vitae,
808 1613 867 1707 qui
885 1616 1033 1684 mortem
1053 1613 1196 1706 appetit.
1225 1611 1228 1618 ’

340 1729 525 1802 Crudelem
543 1729 713 1802 medicum
731 1732 960 1824 intemperans
978 1751 1077 1823 aeger
1093 1725 1188 1798 facit.

332 1847 499 1930 ,Crudelis
516 1846 580 1937 est,
598 1871 669 1921 non
681 1847 795 1936 sortis,
813 1849 872 1943 qni
891 1850 1054 1918 infantem
1073 1863 1186 1918 necat.
1295 1844 1301 1861 ⁶

342 1966 499 2038 Crudelis
511 1965 562 2037 est
575 1969 612 2037 in
626 1989 662 2038 re
679 1965 816 2064 adversa
833 1965 1043 2060 objurgatio.
1065 2049 1076 2074 ο

339 2083 502 2161 Crudelis
518 2083 678 2178 lacrymis
694 2079 855 2180 pascitur,
873 2105 944 2152 non
961 2080 1142 2176 frangitur.

344 2200 412 2270 Cui
429 2198 517 2272 nolis
531 2195 632 2294 saepe.
643 2197 753 2286 irasci,
776 2195 924 2270 irascaris
941 2195 1051 2268 sesnes.¹

345 2319 412 2391 Cui
429 2340 553 2391 omnes
569 2316 807 2402 benedicunt,
833 2313 970 2413 posidet
989 2316 1104 2415 populi
1122 2313 1227 2389 bona
1296 2302 1304 2336 ¹

345 2436 414 2506 Cui
430 2433 505 2530 plus
523 2434 618 2520 licet,
636 2454 739 2527 quam
757 2456 817 2528 par
834 2432 883 2503 est
887 2430 988 2528 ,plus
1004 2432 1078 2503 vult
1093 2456 1194 2528 quam
1213 2433 1311 2505 licet.

315 2588 333 2633 ‚·
345 2550 414 2624 Cui
429 2550 560 2645 semper
576 2549 721 2638 dederis,
740 2550 797 2621 ubi
816 2572 932 2647 negas,
950 2570 1066 2645 rapere
1082 2552 1250 2648 imperas.

346 2666 470 2740 Cuivis
485 2663 596 2737 dolori
614 2666 802 2746 remedium
820 2664 869 2737 est
895 2668 1074 2763 patientia
1187 2722 1192 2729 .
1214 2692 1216 2704 ¹
1297 2662 1310 2731 ἱ

348 2782 475 2855 Cuivis
489 2779 603 2877 potest
621 2781 773 2854 accidere
775 2784 899 2878 ,quod
916 2785 1074 2878 cuiquam
1092 2782 1216 2879 potest.
1298 2785 1302 2837 ἶ

348 2900 467 2972 Cum
460 2901 603 2974 inimico
619 2902 776 2972 nemo‘in
792 2903 937 2996 gratiam
957 2918 1033 2973 tuto
1048 2902 1148 2976 redit.
1298 2905 1303 2925 ¹

349 3016 441 3087 Cum
461 3015 546 3086 vitia
562 3012 715 3109 prosunt,
734 3034 856 3112 peccat
872 3018 932 3111 qui
951 3018 1041 3089 resse
1057 3016 1155 3091 facit.

406 3131 581 3203 Damnare
597 3130 859 3228 estobjurgare,
877 3133 1126 3227 quum-auxilio
1143 3132 1194 3207 est
1212 3158 1312 3231 opus.

272 3323 276 3329 ,
350 3246 527 3321 Damnum
538 3248 777 3345 appellandum
794 3247 857 3340 est,
874 3270 952 3321 curn
971 3250 1057 3323 mala
1072 3248 1161 3323 sama
1177 3250 1324 3330 lucrum.

351 3362 439 3435 Dari
454 3363 583 3453 bonurn
601 3366 694 3460 quod
710 3366 838 3463 potuit,
855 3364 978 3437 auserri
995 3365 1121 3463 potest.

352 3460 586 3553 Deliberando
604 3478 697 3579 saepe
715 3484 803 3579 perit
821 3482 963 3574 occasio.
1175 3538 1179 3547 .

352 3592 620 3665 Deliberandum
634 3593 684 3665 est
696 3596 769 3685 diu,
788 3594 879 3689 quod
897 3566 1111 3693 statuendum
1129 3593 1179 3666 est
1192 3592 1309 3675 semel
1428 3596 1429 3599 ’

1296 2070 1303 2131 ε
1330 2087 1334 2092 .

355 3708 537 3808 Despicere
548 3729 704 3809 oportet,
714 3712 885 3812 quidquid
899 3686 994 3815 possis
1010 3714 1183 3813 perdere
1277 3744 1282 3753 ·
1299 3750 1304 3760 ·

638 3876 643 3891 .
1142 3826 1324 3997 Didicete
