3100 4775
456 785 460 793 .
551 719 794 798 LIBER
848 721 1049 800 III-⁴⁴
1163 749 1213 823 ff

596 1021 753 1098 Fan.
806 1023 869 1096 xr.
996 1119 1000 1126 Ι

380 1217 670 1282 nannenus
696 1244 736 1283 n>
762 1221 1045 1286 tumorum.
1103 1200 1108 1284 ζ

334 1397 545 1471 Unucnns
576 1388 733 1497 litigabat
750 1423 829 1472 cum
846 1401 994 1498 quodam
1011 1399 1182 1497 improbo,

345 1518 430 1618 Qui,
446 1517 541 1618 super
553 1518 716 1593 obscaena
727 1522 817 1594 dina
830 1543 863 1592 e„
879 1521 1033 1618 petulans
1046 1517 1221 1620 jurgium

247 1633 427 1713 Damnum
443 1639 621 1714 infestatus
637 1640 687 1716 est
705 1641 809 1717 amissi
825 1644 988 1740 corporis.

247 1756 358 1858 Quin,
384 1763 446 1852 ait,
471 1764 538 1835 hoc
555 1787 661 1836 unum
677 1763 741 1858 est,
767 1787 828 1838 cur
844 1763 995 1838 laborem
1013 1757 1169 1860 validius,

247 1882 459 1979 Integritatis
476 1884 578 1960 testes
595 1905 676 1986 puta
692 1888 811 1960 desunt
828 1889 929 1958 mihi.

247 2003 316 2077 Sed
332 2005 416 2102 quid
432 2005 602 2102 fortunae,
627 2009 742 2102 stulte,
767 2007 929 2082 delidtum
946 2005 1083 2102 arguis?

142 2228 146 2257 Ι
192 2139 196 2144 ’
246 2125 289 2204 Id
303 2127 442 2202 demum
458 2128 509 2204 est
526 2132 659 2206 homini
676 2149 786 2230 turpe,
812 2128 909 2228 quod
928 2130 1053 2202 meruit
1069 2131 1153 2226 pati.

596 2486 753 2562 ΓΑΒ.
805 2488 886 2563 Xll.
969 2541 974 2549 .

394 2668 587 2749 nunnus
614 2706 654 2745 tn
680 2660 1041 2750 truncaturum.
1209 2720 1222 2787 .·

301 2866 337 2936 N
364 2861 550 2939 sterculino
566 2864 679 2939 Pullus
696 2866 902 2964 gallinaceus

129 2959 134 3044 Ι
345 2984 443 3058 Dum
459 2987 593 3084 quaerit
608 2983 729 3078 escam,
754 2983 981 3091 Margaritam
1001 2987 1206 3086 reperimus

130 3137 134 3180 ι
250 3106 351 3207 Jaces
368 3108 524 3205 indigno,
549 3126 677 3205 quanta
693 3132 759 3197 res,
785 3109 913 3205 inquit,
939 3106 1045 3183 loco?

250 3230 308 3302 Te
324 3231 382 3301 hic
397 3226 423 3299 fi
439 3228 527 3325 preti
544 3231 620 3327 quis
638 3230 777 3325 cupidus
794 3226 926 3303 vidillet
944 3226 1014 3301 tui!

251 3350 350 3422 Olim
366 3348 499 3423 rediffes
515 3350 557 3427 ad
573 3347 782 3448 splendorem
799 3348 992 3449 pristinum.

134 3475 146 3544 i
250 3470 334 3571 Ego
349 3472 444 3569 quod
461 3490 496 3545 te
512 3474 643 3568 inveni,
665 3476 781 3571 potior
794 3474 849 3545 cui
867 3472 976 3544 multo
992 3468 1041 3543 est
1060 3469 1168 3562 cibus,

133 3547 146 3680 ff!
250 3595 329 3673 Nec
347 3594 412 3668 tibi
429 3592 593 3690 pradelle,
618 3618 682 3666 nec
699 3596 782 3666 mihi
801 3594 985 3690 quidquam
1002 3590 1128 3691 potest.

134 3771 138 3784 ·
248 3716 329 3797 Hoc
345 3715 411 3795 illis
427 3739 544 3810 narro,
568 3717 629 3823 qui
646 3739 700 3791 me
717 3739 790 3790 non
809 3714 1021 3811 intelligunt.

1063 3849 1219 3929 ran

133 3975 153 4439 l
