3100 4775
324 656 377 826 aa
415 772 418 776 -
482 700 1193 788 rnaunurrnuuunuun

323 883 464 958 Reddas
475 887 593 959 amicis
611 903 779 982 tempora,
803 887 905 956 uxori
923 906 1036 976 vaces,

324 1004 493 1077 Animum
509 1005 651 1097 relaxes,
677 1007 788 1076 otium
803 1006 861 1077 des
877 1007 1026 1100 corpori,

325 1127 379 1199 Ut
394 1126 566 1201 adsudtanr
583 1128 705 1199 fortius
721 1126 869 1225 praestes
887 1124 1024 1200 vicem?

325 1247 534 1322 Mutandum
551 1241 623 1321 tibi‘
632 1248 843 1349 propositum
858 1242 907 1322 est
926 1235 961 1320 et
978 1250 1070 1322 vitae
1083 1271 1204 1346 genus,
1296 1257 1320 1348 '¹

326 1369 459 1441 Intrare
474 1368 500 1441 sr
515 1367 690 1442 Musarum
708 1369 813 1442 limen
832 1372 975 1466 cogitas.

326 1488 424 1595 Ego,
453 1513 556 1587 quem
574 1489 688 1562 Pierio
705 1511 815 1562 mater
832 1493 934 1564 enixa
951 1489 1000 1564 cst
1013 1491 1115 1586 jugo,

327 1613 369 1684 ln
385 1636 456 1708 quo
473 1614 608 1683 tonanti
625 1608 736 1682 sanda
750 1587 982 1708 Mnemosyne
999 1611 1098 1708 Jovi,

326 1731 486 1806 Fecunda
501 1735 633 1821 novies,
660 1733 785 1803 artium
802 1735 931 1828 peperit
950 1734 1118 1804 eborum:

329 1851 497 1951 Quamvis
515 1854 551 1924 in
570 1850 640 1954 ipsi
656 1875 742 1950 pene
759 1851 820 1926 fim
837 1869 936 1924 natus
952 1848 1079 1942 scholi,

331 1973 530 2069 Curamque
548 1973 695 2045 habendi
712 1955 848 2070 penitus
865 1971 969 2043 corde
987 1971 1156 2064 eraserim,

331 2090 382 2165 Et
399 2092 496 2164 laude
513 2117 580 2165 una
597 2095 688 2165 adius
706 2097 794 2164 hanc
812 2095 849 2163 in
866 2095 974 2163 vitam
993 2093 1221 2188 incubuerim,

333 2210 519 2284 Fastidiose
538 2231 652 2285 tamen
673 2215 864 2285 incoctum
883 2214 1042 2309 recipior.
1266 2197 1268 2202 ⁵

333 2332 427 2434 Quid
446 2333 553 2407 credis
570 2335 619 2411 illi
637 2334 805 2425 accidere,
835 2334 895 2430 qui
912 2355 1053 2429 magnas
1070 2357 1150 2431 opes

334 2451 706 2550 Exaggerare'quaerit
723 2455 818 2525 omni
835 2449 967 2547 vigilii,

336 2572 456 2645 Docto
473 2571 583 2643 labori
599 2571 698 2644 dulce
713 2572 926 2669 praeponens
943 2570 1104 2644 lucrum?
1231 2662 1236 2670 ι

337 2690 405 2763 Sed
418 2692 503 2787 jam,
529 2691 771 2788 quodcumque
786 2692 890 2764 suerit
921 2692 977 2789 (ut
994 2693 1083 2764 dixit
1101 2693 1226 2785 Sinon,
1284 2770 1293 2781 ,

337 2809 397 2883 Ad
412 2809 546 2908 Regem
562 2811 882 2907 quum‘Dardaniae
899 2813 1080 2909 perdustus
1097 2813 1209 2911 soret)

338 2929 484 3033 Librum
500 2930 647 3003 exarabo
664 2934 806 3003 tertium
819 2930 943 3028 Aesopi
960 2930 1063 3029 stylo,
1293 2928 1301 2942 ’

340 3051 475 3123 Honori
491 3070 531 3123 et
544 3053 674 3125 meritis
693 3052 851 3124 dedicans
869 3052 963 3124 illum
983 3056 1062 3125 tuis.
1173 3038 1175 3043 ¹

340 3161 454 3269 Qrenr
472 3170 499 3265 sr
514 3170 818 3269 seges,.laetabor;
853 3170 903 3245 stn
921 3173 1033 3247 autem
1048 3177 1177 3268 minus,
1297 3246 1300 3251 .

342 3288 525 3363 Habebunt
544 3310 651 3380 certe,
677 3316 747 3388 quo
760 3289 791 3363 se
809 3292 979 3365 obledent
997 3294 1137 3389 posteri.

343 3410 462 3501 Nunc,
487 3409 675 3487 fabularum
694 3438 754 3485 cur
767 3413 808 3485 fit
825 3416 1145 3511 inventungenus,

343 3530 449 3603 Brevi
466 3531 614 3609 docebo.
665 3534 820 3606 Servitus
838 3534 1001 3626 obnoxia,

344 3644 450 3743 Quia,
475 3673 562 3745 quae
579 3650 730 3740 volebat,
756 3674 828 3723 non
846 3651 988 3723 audebat
1005 3652 1135 3747 dicere,

345 3765 511 3841 Adfatus
526 3773 683 3869 proprios
695 3773 732 3845 in
750 3770 887 3845 fabellas
903 3771 1089 3863 transtulit,
1239 3852 1243 3863 ,

386 3906 390 3912 ’
435 3910 439 3918 ·
650 3887 653 3895 ’
1031 3890 1319 3991 Calumniamque
