3100 4775
483 497 491 531 s

421 658 957 740 stauruurrun:
1150 689 1209 774 93³

249 843 485 934 Homototies
498 845 664 934 moritur,
680 845 961 942 quotiesamittit
975 843 1065 930 sios.
1085 899 1088 908 ,
1203 871 1212 922 .·

252 961 403 1036 Honeste
419 963 536 1055 servit,
554 969 613 1061 qui
628 961 817 1043 succumbit
836 968 993 1062 tempori.
1114 1019 1118 1052 5
1200 992 1208 1033 r

198 1103 201 1107 ’
251 1083 421 1159 Honestus
437 1109 553 1168 rumor
570 1085 715 1170 alterum
730 1083 1072 1182 estparrnnonium„

252 1205 372 1278 Honos
392 1205 573 1293 honestum
590 1206 745 1296 decorat,
763 1205 980 1290 inhonestum
992 1226 1109 1289 nota.
1196 1246 1202 1288 :

310 1322 590 1424 Ignoscitospepe
607 1323 918 1421 alteri‚.nuuquanr
938 1325 1015 1398 tibi.
1062 1357 1068 1389 ι
1105 1377 1120 1387 ·-
1196 1315 1211 1377 ἶ

249 1434 460 1528 moeream
475 1445 509 1518 se
524 1445 676 1536 damnat,
693 1463 895 1544 quopeceat
908 1444 984 1534 die.
1014 1499 1019 1506 .
1053 1497 1057 1504 -
1095 1498 1100 1506 ·
1206 1433 1213 1444 ’

252 1563 395 1662 Impune
409 1588 527 1664 pecces
542 1568 582 1638 in
598 1589 690 1656 euru,
707 1569 905 1667 qui-peccat
922 1568 1032 1662 prior·
1086 1613 1089 1624 ·
1116 1631 1125 1644 .

253 1680 293 1754 ln
311 1705 426 1756 amore
441 1681 572 1782 semper
588 1684 734 1758 mendax
752 1683 927 1758 iracundia
941 1684 1006 1758 est.

145 1868 146 1875 ,
255 1802 294 1874 In
312 1802 507 1876 calamitoso
524 1804 606 1876 risus
623 1805 725 1876 etiam
740 1795 863 1900 injuria
878 1803 938 1878 est.
960 1849 965 1857 ·

257 1921 404 1996 Inferior
417 1922 529 2015 discit,
546 1923 714 2024 quidquid
726 1943 845 2025 peccat
858 1922 1018 2022 superior.
1093 1957 1098 1986 e

145 2036 146 2131 Ῐ
255 2041 413 2140 Ingratus
429 2067 516 2120 unus
530 2045 691 2117 omnibus
703 2040 831 2116 miserie
844 2063 961 2116 nocet.

145 2140 146 2175 ¹
251 2159 447 2250 Inimicum,
461 2163 616 2256 quamvis
634 2160 810 2250 humilem,
827 2160 919 2234 dosii
935 2159 985 2234 est
1003 2178 1169 2260 metuere.

145 2304 146 2345 r
248 2277 460 2374 iujuriarum
473 2275 722 2354 remediumest
736 2276 880 2352 oblivio.
993 2337 996 2350 .

254 2398 294 2471 In
308 2399 438 2471 nullum
453 2424 573 2473 avarus
588 2398 777 2490 bonusest,
804 2401 841 2471 in
854 2397 885 2479 se
899 2396 1063 2499 pellimur.

253 2518 394 2617 inopiae
411 2518 529 2593 desunt
545 2544 664 2618 pauca,
680 2500 842 2595 auaritiae
859 2522 988 2609 omnia.
1037 2605 1040 2615 ,
1101 2614 1104 2621 Δ

258 2638 358 2739 Inopi
375 2638 578 2713 beneficium
594 2640 644 2715 bis
660 2639 732 2731 dat,
752 2644 812 2737 qui
827 2641 888 2713 dat
906 2644 1073 2720 celeriter.

257 2757 409 2831 lurebus
420 2759 532 2834 dubiis
543 2759 681 2861 plurimi
696 2759 745 2835 est
760 2762 910 2838 audacia.
1036 2838 1039 2850 ,

146 2903 147 2962 l
256 2875 394 2953 Insanus
407 2882 520 2956 omnis
535 2880 649 2955 surere
666 2882 775 2956 eredit
792 2898 939 2966 eeteros.
956 2908 963 2921 ·

256 2996 553 3099 Instruslainopia
569 2999 633 3087 est,
656 3001 1033 3099 mdimiispcupiditaa

146 3109 147 3112 ’
257 3115 428 3194 Invidiam
443 3114 534 3194 fene
549 3135 605 3191 aut
619 3117 722 3193 fortis
737 3135 796 3193 aut
812 3116 895 3191 felix
909 3117 1034 3217 potest.
1071 3164 1086 3194 .«

146 3265 147 3272 “
260 3238 397 3326 invidia
412 3242 531 3333 tacite,
555 3239 611 3313 sed
627 3241 767 3320 inimice
784 3237 952 3316 irascitur.

260 3360 300 3431 ln
314 3360 521 3445 uindicando
538 3357 716 3445 criminosa
732 3358 782 3435 est
799 3358 965 3447 celeritas.

261 3480 414 3553 Invitum
432 3504 512 3571 cum
529 3484 687 3571 retineas,
702 3483 799 3556 exire
816 3484 951 3567 incites.

261 3602 389 3675 lratum
408 3599 558 3686 breviter
575 3602 674 3691 vites,
691 3602 870 3691 inimicum
886 3604 959 3687 diui.
995 3656 999 3666 ·
1027 3677 1043 3695 ,,
1064 3665 1068 3682 .

262 3720 388 3809 leatus,
414 3742 494 3793 tum
509 3718 552 3790 ad
569 3716 600 3791 se
616 3720 732 3809 rediit,
759 3719 820 3793 fibi
838 3739 911 3793 tum
929 3717 1095 3807 irascitur.

262 3840 374 3931 iratus
390 3842 494 3925 etiam
509 3839 638 3932 facinus
654 3836 831 3915 confilium
847 3858 958 3957 putat,

1115 3962 1222 4048 iratus
