3100 4775
268 670 274 678 ’
398 720 410 768 r
480 695 782 776 ¹‘stt‘nun
828 701 875 774 n
1058 701 1103 774 ς·
1176 783 1181 800 ,

263 877 321 970 Ad
337 877 512 952 sanitatem
529 878 611 968 dum
627 884 724 954 venit
742 883 890 954 curatio.
957 891 960 898 '

260 1001 314 1071 Ut
330 1000 554 1096 spedatorum
571 1023 666 1074 mens
682 1001 732 1073 est
749 1003 792 1074 ad
810 1003 957 1098 lepidum
973 1024 1088 1100 genus
1209 991 1212 1069 ζ

263 1118 452 1192 Desiderari
470 1123 597 1218 pdepit,
622 1122 717 1218 cujus
732 1121 870 1196 flatibus

265 1240 402 1312 Solebat
419 1235 726 1320 excitarisaltantis
743 1243 857 1338 vigor.
994 1303 1000 1320 ,

265 1359 351 1432 Erat
368 1361 516 1438 fauturus
533 1362 629 1437 ludos
646 1362 785 1459 quidam
803 1361 960 1463 nobiles3

264 1479 315 1556 Et
334 1484 516 1580 incipiebat
533 1483 691 1579 Princeps
707 1483 891 1579 ingredior.
948 1480 1040 1554 Eum

267 1600 418 1672 Adducit
435 1603 560 1697 pretio,
585 1599 752 1697 precibus,
776 1617 816 1670 ut
835 1597 1075 1674 tantummodo

264 1719 341 1817 Ipso
357 1721 515 1794 ludorum
531 1709 723 1794 ostenderet
741 1717 806 1792 sese
822 1719 889 1792 die.
948 1773 951 1782 .

266 1839 337 1938 Qui
354 1841 449 1913 fimul
468 1843 620 1933 advenit,
646 1865 764 1913 rumor
781 1841 823 1912 de
839 1827 1001 1912 Tibicine

268 1959 400 2033 Fremit
417 1963 457 2036 in·
470 1964 629 2038 theatroz
664 1960 805 2058 quidam
822 1959 1000 2036 adfirmant
1017 1974 1204 2051 mortuum,

268 2078 415 2178 Qridam
432 2083 469 2153 in
486 2081 702 2179 conspectum
717 2079 934 2179 proditurum
949 2070 1018 2150 fine
1034 2075 1142 2156 mori,

269 2200 403 2276 Aulaeo
419 2205 531 2294 millo,
555 2203 726 2277 devolutis
745 2200 954 2310 tonitrubus,
1126 2187 1128 2190 ¹

226 2371 231 2376 ·
269 2324 320 2398 Di
335 2323 411 2399 sunt
428 2325 536 2397 locuti
551 2346 646 2399 ruore
660 2321 876 2399 transsatitio

271 2446 406 2518 Chorus
424 2463 508 2517 tunc
510 2446 682 2541 ignotum
699 2464 759 2511 ore
774 2438 879 2511 dotto
895 2436 1067 2538 canticutp

270 2568 436 2659 insonuit,
462 2567 557 2662 cujus
573 2567 657 2635 haee
672 2562 738 2634 fuit
754 2558 934 2649 sententia,

272 2692 412 2763 Laetare
426 2688 596 2778 incolumis,
622 2688 739 2775 Roma,
755 2681 831 2777 sal
809 2704 851 2751 vo
866 2680 1029 2771 Principe.
1208 2764 1230 2773 Γ

272 2814 311 2885 In
328 2808 457 2910 plausus
471 2805 724 2882 consurredlum
741 2801 802 2875 est.
852 2801 965 2903 Jadiat
982 2774 1069 2870 basra
1196 2866 1210 2907 ,ἢ

272 2932 420 3005 Tibicen
436 2929 599 3027 gratulari
615 2927 764 3000 fautores
779 2941 914 3021 putans.

272 3054 442 3155 Equester
459 3053 544 3125 ordo
560 3049 701 3122 stultum
718 3066 868 3117 errorem
886 3036 1068 3149 intelligit:

273 3180 475 3275 Magnoque
492 3174 558 3248 risu
574 3174 745 3245 canticum
763 3182 870 3262 repeti
859 3163 995 3259 ’.3ιὼεῑ

272 3305 419 3387 iteratur
435 3296 531 3372 illud.
588 3295 703 3367 Homo
716 3310 812 3360 meus
828 3284 884 3356 se
876 3307 911 3355 tn
928 3279 1067 3379 pulpitol

275 3423 408 3496 Toturn
424 3414 645 3529 prosternit·
678 3407 806 3508 plaudit
823 3402 977 3477 inludens
994 3422 1118 3497 eques3

134 3555 135 3562 ’
275 3542 412 3641 Rogare
429 3537 571 3637 populus
589 3536 680 3614 hunc
697 3550 861 3608 coronam
878 3520 1062 3611 existimat.
