3100 4775
517 660 774 746 LIBER.
824 673 884 746 ΙΙΙ.
1157 689 1202 772 51

144 818 146 957 ι
236 845 465 945 Tandemque
482 849 634 940 invenit,
655 849 715 922 ubi
733 849 907 924 lucernam
924 849 1137 924 accenderet.

237 967 384 1040 Circum
402 987 475 1040 tum
492 971 586 1042 eunti
604 969 715 1042 fuerat
732 969 827 1067 quod
844 972 910 1040 iter
928 969 1075 1066 longius,

238 1083 370 1158 Effecit
386 1088 543 1160 brevius:
581 1113 729 1186 namque
745 1088 837 1161 restit
853 1111 914 1185 per
930 1087 1043 1160 forum

235 1207 365 1303 Coepit
383 1206 505 1278 redire.
554 1205 604 1279 Et
621 1208 760 1305 quidam
777 1231 798 1281 e
815 1207 914 1279 turbu
932 1207 1107 1302 Garrulus,

239 1325 387 1424 Aesope‚
416 1327 532 1398 medio
547 1325 628 1419 sole,
658 1330 742 1425 quid
758 1353 839 1401 cum
854 1325 1008 1406 lumine?

237 1448 440 1535 Hominem,
453 1449 578 1542 inquit,
591 1473 733 1545 quaero,
747 1468 783 1522 et
794 1449 878 1522 abiit
888 1447 1049 1521 festinans
1061 1447 1213 1524 domum.

238 1569 318 1640 Hoc
336 1567 359 1638 fi
375 1566 537 1640 molestus
553 1569 612 1641 ille
627 1570 670 1641 ud
686 1573 839 1642 animum
850 1569 982 1662 retulit,

238 1685 349 1759 Senfit
361 1689 534 1784 prosette,
559 1687 591 1762 se
608 1693 785 1762 hominem
801 1714 872 1762 non
890 1687 997 1762 visum
1013 1685 1096 1783 seni,

237 1805 484 1908 Intempestive
494 1813 555 1905 qui
568 1828 740 1909 occupato
756 1809 924 1884 adluserit.

574 2073 605 2148 F
628 2073 662 2147 A
686 2075 731 2149 Β.
784 2077 866 2151 XX.

501 2252 688 2314 rsruus
715 2274 754 2314 n
780 2253 945 2314 eruut

340 2414 399 2487 UI
423 2411 591 2495 natusest
608 2412 743 2505 infeliX‚
769 2438 840 2487 non
857 2416 965 2489 vitam
982 2415 1088 2489 modo

239 2416 335 2637 Q
359 2530 513 2603 Tristem
524 2528 689 2615 decurrit,
707 2553 827 2615 vemrn
837 2529 913 2627 post
926 2532 1060 2607 obitum
1070 2554 1208 2631 quoque

237 2648 453 2746 Persequitur
469 2648 564 2719 illum
580 2646 666 2719 dura
680 2644 745 2717 fati
759 2645 904 2719 miseria.

296 2767 389 2841 Galli
404 2767 565 2867 Cybebes
581 2769 713 2840 circum
731 2765 825 2839 festis
844 2767 968 2841 ducere

238 2886 381 2961 Asmum
398 2885 562 2977 solebant,
586 2886 794 2983 bajulantem
810 2886 971 2980 sarcinam

237 3010 322 3099 Cui,
338 3032 444 3106 quum
460 3007 576 3079 labore
590 3023 627 3079 et
643 3005 749 3106 plagis
766 3006 847 3079 effet
864 3028 1035 3106 mortuus,

236 3127 402 3203 Detracta
417 3128 517 3227 pelle,
542 3126 603 3199 fibi
618 3125 774 3199 fecerunt
792 3144 969 3226 tympana.

236 3250 369 3347 Rogati
389 3272 472 3323 mox
490 3247 687 3345 aquodam,
713 3247 839 3321 delicio
855 3248 915 3321 suo

236 3372 415 3471 Qidnam
430 3366 605 3443 fecissent?
640 3370 707 3439 hoc
719 3368 826 3463 jocati
847 3367 922 3442 sunt
941 3368 1069 3445 modo:

236 3494 383 3566 Putabat
400 3491 433 3565 se
448 3490 523 3588 post
540 3507 688 3563 mortem
704 3486 858 3563 securum
875 3490 963 3585 fore,

232 3614 330 3689 Ecce
345 3614 429 3688 aliae
443 3612 561 3713 plagae
577 3626 810 3708 congeruntur
824 3629 978 3685 mortuo.

948 3750 1210 3833 PHAEDRI
1307 3800 1311 3807 ·
