3100 4775
314 713 369 825 fo
459 707 727 790 ottonom
771 651 1161 782 rotomum

309 887 408 988 Qtos
425 887 621 962 adtentarit.
671 889 774 959 Tunc
792 888 852 983 qui
866 887 1147 996 depugnaverat:
1219 923 1223 932 1

310 1008 445 1080 Vellem
462 1006 532 1080 istis
551 1007 666 1080 verbis
681 1004 797 1079 saltem
814 1005 989 1102 adjuviffes
1007 1008 1124 1099 inodo,
1136 1049 1148 1090 ·,

310 1123 536 1198 Constantior
551 1123 695 1214 fuissem,
721 1147 802 1196 vera
819 1121 1038 1196 existimans:

310 1244 416 1314 Nunc
431 1242 541 1315 conde
557 1241 697 1334 ferrum,
722 1260 756 1314 et
775 1241 926 1338 linguam
943 1245 1067 1339 pariter
1084 1241 1234 1336 fut-ilem,

311 1359 363 1428 Ut
381 1355 476 1454 poffis
491 1358 573 1430 alios
589 1361 788 1456 ignorantes
803 1357 931 1429 fallere.

311 1473 403 1571 Ego,
429 1477 487 1572 qui
505 1460 575 1548 sum
592 1460 764 1573 expertus,
788 1476 925 1570 quantis
942 1472 1068 1572 fugeris
1086 1476 1229 1568 viribus,

311 1593 406 1683 Seio,
432 1619 534 1691 quam
551 1595 673 1666 virtuti
690 1618 760 1666 non
779 1593 818 1664 stt
836 1593 1042 1667 credendum
1059 1614 1150 1668 tuae.

360 1711 413 1784 Illi
430 1713 594 1812 adstgnari
610 1712 711 1784 debet
729 1713 812 1784 haec
830 1715 996 1802 narratio,
1196 1791 1200 1800 ¹

312 1825 384 1926 Qti
397 1853 434 1901 re
450 1825 593 1910 secundi
609 1829 709 1910 fortis
724 1826 789 1920 est,
814 1827 915 1910 dubit
932 1828 1050 1924 fugax,

651 2097 808 2174 FAB.
865 2103 925 2173 III.

473 2242 478 2250 ’
560 2275 755 2347 cAtvos
783 2297 821 2340 u-
846 2278 1030 2338 moseo.

404 2436 514 2511 ont
543 2436 732 2511 momordit
748 2436 871 2510 Musca
885 2438 1048 2513 nudatum
1066 2457 1180 2536 caput,
1271 2436 1274 2443 ’

432 2556 546 2659 Qtam
564 2559 760 2655 opprimere
776 2576 930 2657 captans,
960 2554 1088 2655 alapam
1105 2557 1164 2631 fibi
1181 2559 1285 2635 duxit

537 2697 704 2772 gravem3

312 2792 416 2865 Tunc
433 2792 491 2865 illa
507 2792 676 2864 irridens:
717 2792 888 2865 Punttum
906 2792 1052 2865 volucris
1069 2792 1229 2891 parvulae

311 2910 460 2985 Voluisti
477 2930 588 2983 morte
607 2908 742 2984 ulcisci:
781 2910 865 3007 quid
883 2910 982 2983 facies
1001 2911 1078 3004 tibi,

314 3030 465 3128 lnjuriae
482 3033 540 3127 qui
559 3031 725 3102 addideris
743 3029 1006 3102 contumeliam?

313 3148 524 3245 Respondit3
555 3151 699 3220 Mecum
711 3148 810 3221 facile
829 3150 929 3220 redeo
947 3150 982 3219 in
1000 3152 1158 3245 gratiam,

312 3265 405 3365 Quia
421 3292 491 3340 non
508 3266 602 3344 fuiffe
620 3286 769 3341 mentem
787 3266 938 3339 laedendi
957 3266 1040 3339 scio.

314 3380 446 3469 scote,
472 3383 640 3452 contemti
657 3382 790 3476 generis
809 3379 931 3452 animal
951 3380 1157 3476 improbum,

311 3492 409 3591 Qme
427 3496 602 3571 delct‘taris
620 3498 736 3569 bibere
754 3498 939 3567 humanum
960 3494 1170 3592 sanguinem,

313 3613 445 3719 Optem
463 3637 585 3689 necare
603 3616 657 3689 vel
675 3614 804 3711 majore
822 3614 1057 3688 incommodo.

1111 3884 1114 3891 .
1162 3802 1176 3814 ..
1209 3816 1291 3890 Hoc
