3100 4775
563 679 890 756 LIB'ERI.
975 677 981 696 '
1065 682 1072 746 ἱ
1164 687 1226 776 '15

256 859 393 936 Infestis
408 859 544 933 Taurus
559 884 644 934 mox
659 860 817 964 confodit
837 859 996 933 cornibus

251 982 386 1058 Hostile
403 1007 538 1078 corpus.
590 981 734 1075 Asinus,
750 1000 791 1054 ut
808 980 895 1052 vidit
912 979 1023 1052 ferum

252 1109 395 1204 Impune
411 1103 514 1195 laedi,
540 1102 686 1176 calcibus
702 1101 853 1173 frontem
869 1101 1010 1170 exterit.

256 1227 308 1300 At
327 1227 385 1298 ille
400 1228 580 1322 expirans:
618 1223 739 1297 Fortes
754 1221 897 1318 indigne
914 1221 978 1292 tuli

253 1345 348 1416 Mihi
364 1339 546 1416 insultare:
581 1341 630 1435 te,
656 1359 796 1414 naturae
813 1341 971 1432 dedecus,

253 1464 357 1564 Qiod
372 1463 465 1536 ferre
480 1487 600 1559 cogor,
618 1481 713 1534 certe
739 1462 791 1534 bis
810 1461 928 1534 videor
945 1461 1046 1534 mori.

416 1703 421 1710 ’
574 1757 731 1836 Fun.
783 1757 896 1832 xxu.

489 1937 802 2000 MUSTEL'A'nn
828 1937 990 1998 HOMO.
1026 1949 1031 1958 ·

371 2096 540 2170 usim
556 2095 597 2168 ab
609 2098 759 2170 Homine
769 2091 899 2193 prensa,
916 2119 1022 2192 quum
1041 2090 1222 2170 nstantem

527 2239 648 2291 necem

252 2333 414 2433 Effugere
430 2335 534 2409 vellet
548 2362 577 2428 ἱ·
586 2361 688 2436 parce
699 2335 835 2436 quees03
853 2337 979 2435 inquit,
998 2337 1098 2430 mihi,

250 2458 350 2561 Quae
364 2461 429 2533 tibi
449 2460 601 2535 molestis
619 2463 778 2552 muribus¹
786 2488 896 2561 purgo
908 2463 1063 2537 domum.

254 2574 448 2676 Respondit
465 2580 546 2654 illex
567 2586 572 2594 '
586 2585 715 2657 faceres
733 2585 757 2655 fi
774 2583 885 2658 cauffi
902 2583 990 2677 mei,

249 2700 399 2775 Gratum'
413 2700 511 2795 esset,
534 2720 570 2775 et
587 2700 747 2777 dediffem
764 2709 901 2779 veniam
919 2704 1058 2804 supplici
1076 2728 1088 2778 ε

250 2826 358 2911 Nunc
373 2826 455 2921 quia
471 2823 614 2917 labores,
637 2824 814 2896 ut-fruaris
832 2824 997 2921 reliquiis,

249 2940 344 3040 Quas
360 2940 436 3015 sunt
453 2941 571 3034 rosuri,
598 2942 695 3015 sunu!
710 2960 746 3015 et
762 2941 847 3040 ipsos
865 2944 1020 3035 devores,
1059 2948 1061 2955 '

249 3062 336 3133 Noli
352 3062 520 3157 inputare
528 3084 657 3134 vanum
673 3061 877 3133 beneficium
892 3062 992 3133 mihi.
1018 3066 1022 3075 '

251 3176 372 3271 Atque
388 3177 435 3245 ita
452 3177 598 3266 locutus,
617 3175 807 3272 improbam
821 3176 893 3247 leto
909 3175 1020 3260 dedit.

304 3296 383 3365 Hoc
400 3293 436 3363 in
453 3291 629 3367 se-diCimn
639 3294 767 3367 debent
785 3295 834 3367 illi
853 3292 1048 3390 agnoscere,

249 3412 558 3512 Quorum'privata
573 3412 678 3485 servit
695 3414 823 3485 utilitas
841 3413 915 3505 fibi,
969 3456 972 3463 ·
1004 3425 1008 3433 '

251 3528 300 3603 Et
316 3534 478 3615 meritum
493 3535 596 3609 inune
609 3534 744 3628 janiant
760 3531 1046 3629 imprudentibus.

1058 3744 1211 3861 uun.
