3100 4775
542 663 895 758 rrnrnnr
1151 706 1204 780 ῃ

237 860 288 934 Εῑ
301 860 395 960 quasi
411 861 554 936 delirum
568 862 652 937 risrt.
708 862 814 962 Quod
829 837 924 936 sensit
942 861 1038 936 firnul

238 982 399 1076 Derisor,
424 986 659 1082 potiusquam
675 985 876 1058 deridendus
892 983 992 1058 senex
1006 1011 1019 1080 3

238 1105 374 1176 Arcum
388 1102 555 1177 retensum
572 1103 682 1202 posuit
697 1107 734 1176 in
751 1107 863 1178 media
877 1105 956 1176 via:

240 1225 349 1319 fleur,
374 1228 502 1323 inquit,
527 1224 667 1324 sapiens,
696 1226 819 1322 expedi
835 1226 917 1322 quid
934 1224 1086 1304 fecerim.

240 1349 432 1424 Concurrit
450 1350 593 1448 populus
613 1377 622 1420 ε
658 1350 717 1422 lile
733 1349 765 1420 so
782 1367 920 1447 torquet
938 1351 1010 1438 diu,

238 1471 321 1542 Nec
333 1472 537 1567 quaestionis
554 1471 681 1569 positae
698 1471 840 1544 caussam
857 1473 1036 1570 intelligit:

240 1589 433 1664 Novifflrne
449 1590 650 1666 succumbit.
700 1593 796 1664 Tum
813 1594 925 1664 vidior
941 1590 1087 1692 sophos:

240 1713 329 1784 Cito
345 1731 624 1809 rumpes'arcum,
650 1711 777 1810 semper
792 1712 967 1786 srutensum
982 1715 1160 1790 habueris:

241 1831 296 1902 At
313 1830 497 1920 srlaxaris„
512 1855 617 1928 quum
635 1831 743 1921 voles,
768 1835 834 1904 erit
849 1833 955 1906 utilis.

244 1953 302 2023 Sic
320 1946 416 2023 indus
434 1955 550 2024 animo
566 1951 666 2024 debet
685 1951 867 2048 aliquando
883 1955 969 2048 dari,

243 2073 306 2146 Ad
323 2071 544 2171 cogitandum
559 2071 681 2160 melior
698 2090 742 2160 ut,
754 2073 870 2158 redeat
881 2073 960 2158 fibi.

585 2343 874 2420 rnn2w.

516 2522 661 2585 ennrs
689 2546 729 2585 n,
757 2482 953 2585 nonunt.

296 2679 419 2751 Nm
447 2681 590 2778 capellus
606 2686 715 2780 Agno
731 2682 857 2755 balanti
876 2682 994 2776 Canis,

330 2800 455 2892 Stulte,
482 2806 609 2899 inquit,
633 2828 736 2894 erras,
763 2828 835 2877 non
853 2803 903 2877 est
915 2806 972 2878 hic
990 2822 1099 2881 mater
1117 2824 1194 2902 tua3

247 2918 409 3018 Ovesque
427 2920 615 3021 segregatas
631 2926 781 2999 ostendit
798 2928 930 3025 procul.

245 3040 330 3114 Non
343 3044 437 3117 illam
449 3068 589 3141 quaero,
606 3070 705 3144 quoe,
723 3025 802 3122 curn
815 3048 950 3123 libitum
961 3048 1026 3141 est,
1044 3053 1217 3151 concipit,

247 3160 343 3233 Dein
361 3182 479 3260 portat
496 3190 582 3239 onus
598 3171 759 3265 ignotum
776 3172 878 3243 certis
895 3170 1076 3265 mensibus,

245 3281 437 3357 Novissnne
453 3283 637 3382 prolapsam
652 3288 798 3360 effundit
815 3286 999 3380 sarcinam3

244 3404 374 3478 Verum
390 3406 495 3500 illam,
521 3432 607 3505 quae
624 3432 680 3481 nre
694 3414 804 3483 nutrit
821 3412 961 3485 admoto
978 3410 1095 3503 ubere,

243 3522 463 3623 Fraudatque
477 3546 600 3625 gnatos
616 3528 714 3615 sarie,
739 3552 783 3603 ne
800 3528 883 3603 desrt
901 3532 1000 3601 milri.

132 3703 133 3752 3
246 3642 382 3717 Tamen
397 3644 454 3719 illa
463 3645 514 3718 est
528 3649 657 3745 potior,
674 3670 761 3745 quae
774 3666 810 3718 te
820 3649 965 3745 peperit.
1000 3648 1084 3719 Non
1095 3648 1143 3719 ira
1155 3642 1218 3721 est.

245 3762 351 3838 Unde
367 3765 425 3857 illa
440 3762 554 3860 scivit,
580 3770 692 3864 niger,
708 3792 752 3841 an
768 3766 863 3841 albus
882 3764 1060 3840 nascerer?
1195 3758 1209 3787 ”

1140 3887 1221 3985 Age
