<?xml version="1.0" encoding="UTF-8"?>
<!DOCTYPE html PUBLIC "-//W3C//DTD XHTML 1.0 Transitional//EN"
    "http://www.w3.org/TR/xhtml1/DTD/xhtml1-transitional.dtd">
<html xmlns="http://www.w3.org/1999/xhtml" xml:lang="en" lang="en">
 <head>
  <title>
</title>
<meta http-equiv="Content-Type" content="text/html;charset=utf-8" />
  <meta name='ocr-system' content='tesseract 3.04.00' />
  <meta name='ocr-capabilities' content='ocr_page ocr_carea ocr_par ocr_line ocrx_word'/>
</head>
<body>
  <div class='ocr_page' id='page_1' title='image "./phdriaugustilib00phaegoog_0106.png"; bbox 0 0 3100 4775; ppageno 0'>
   <div class='ocr_carea' id='block_1_1' title="bbox 236 700 1098 810">
    <p class='ocr_par' dir='ltr' id='par_1_1' title="bbox 236 700 1098 810">
     <span class='ocr_line' id='line_1_1' title="bbox 236 700 1098 810; baseline -0.002 -29"><span class='ocrx_word' id='word_1_1' title='bbox 236 732 238 735; x_wconf 95' lang='lat'>·</span> <span class='ocrx_word' id='word_1_2' title='bbox 325 711 375 810; x_wconf 71' lang='lat'><strong>9⁶</strong></span> <span class='ocrx_word' id='word_1_3' title='bbox 571 700 848 782; x_wconf 74' lang='lat' dir='ltr'><strong>aunum</strong></span> <span class='ocrx_word' id='word_1_4' title='bbox 897 700 1098 779; x_wconf 73' lang='lat' dir='ltr'><strong>auun-</strong></span> 
     </span>
    </p>
   </div>
   <div class='ocr_carea' id='block_1_2' title="bbox 277 881 1287 3355">
    <p class='ocr_par' dir='ltr' id='par_1_2' title="bbox 319 881 1287 1926">
     <span class='ocr_line' id='line_1_2' title="bbox 321 881 1283 982; baseline -0.011 -21"><span class='ocrx_word' id='word_1_5' title='bbox 321 887 402 961; x_wconf 87' lang='lat' dir='ltr'><strong>Pats</strong></span> <span class='ocrx_word' id='word_1_6' title='bbox 418 883 647 974; x_wconf 64' lang='lat' dir='ltr'><strong>bmrefitiesm</strong></span> <span class='ocrx_word' id='word_1_7' title='bbox 667 881 956 982; x_wconf 85' lang='lat' dir='ltr'><strong>quod.petitut,fi</strong></span> <span class='ocrx_word' id='word_1_8' title='bbox 978 881 1221 980; x_wconf 48' lang='lat' dir='ltr'><strong>bellenageaf.</strong></span> <span class='ocrx_word' id='word_1_9' title='bbox 1240 891 1283 972; x_wconf 57' lang='lat' dir='ltr'><strong>fs:</strong></span> 
     </span>
     <span class='ocr_line' id='line_1_3' title="bbox 319 1001 1282 1108; baseline -0.006 -32"><span class='ocrx_word' id='word_1_10' title='bbox 319 1005 400 1078; x_wconf 87' lang='lat' dir='ltr'><strong>Pars</strong></span> <span class='ocrx_word' id='word_1_11' title='bbox 414 1003 560 1078; x_wconf 86' lang='lat' dir='ltr'><strong>benefici</strong></span> <span class='ocrx_word' id='word_1_12' title='bbox 576 1002 640 1090; x_wconf 84' lang='lat' dir='ltr'><strong>est,</strong></span> <span class='ocrx_word' id='word_1_13' title='bbox 672 1001 1205 1100; x_wconf 59' lang='lat' dir='ltr'><strong>quodpetitur,seitoneges„</strong></span> <span class='ocrx_word' id='word_1_14' title='bbox 1217 1051 1230 1080; x_wconf 79' lang='grc'><strong>.,</strong></span> <span class='ocrx_word' id='word_1_15' title='bbox 1243 1021 1257 1108; x_wconf 61' lang='lat' dir='ltr'><strong>j.</strong></span> <span class='ocrx_word' id='word_1_16' title='bbox 1275 1023 1282 1070; x_wconf 72' lang='lat' dir='ltr'><strong>i</strong></span> 
     </span>
     <span class='ocr_line' id='line_1_4' title="bbox 319 1120 1284 1216; baseline -0.002 -22"><span class='ocrx_word' id='word_1_17' title='bbox 319 1120 613 1205; x_wconf 78' lang='lat' dir='ltr'><strong>Patiendotuulta</strong></span> <span class='ocrx_word' id='word_1_18' title='bbox 626 1121 795 1211; x_wconf 53' lang='lat' dir='ltr'><strong>veniunt,</strong></span> <span class='ocrx_word' id='word_1_19' title='bbox 811 1141 898 1216; x_wconf 85' lang='lat' dir='ltr'><strong>quae</strong></span> <span class='ocrx_word' id='word_1_20' title='bbox 914 1139 1064 1214; x_wconf 74' lang='lat' dir='ltr'><strong>nequeas</strong></span> <span class='ocrx_word' id='word_1_21' title='bbox 1076 1121 1163 1215; x_wconf 82' lang='lat' dir='ltr'><strong>pati.</strong></span> <span class='ocrx_word' id='word_1_22' title='bbox 1193 1182 1197 1194; x_wconf 91' lang='lat'>.</span> <span class='ocrx_word' id='word_1_23' title='bbox 1217 1170 1231 1193; x_wconf 84' lang='lat'><strong>..</strong></span> <span class='ocrx_word' id='word_1_24' title='bbox 1251 1138 1284 1192; x_wconf 66' lang='lat' dir='ltr'><strong>‘t</strong></span> 
     </span>
     <span class='ocr_line' id='line_1_5' title="bbox 321 1238 1287 1337; baseline -0.001 -24"><span class='ocrx_word' id='word_1_25' title='bbox 321 1241 512 1314; x_wconf 83' lang='lat' dir='ltr'><strong>Paucorum</strong></span> <span class='ocrx_word' id='word_1_26' title='bbox 528 1239 742 1337; x_wconf 80' lang='lat' dir='ltr'><strong>improbitas,</strong></span> <span class='ocrx_word' id='word_1_27' title='bbox 760 1238 1136 1316; x_wconf 78' lang='lat' dir='ltr'><strong>univeufiacalnmitns·¹</strong></span> <span class='ocrx_word' id='word_1_28' title='bbox 1205 1291 1208 1298; x_wconf 89' lang='lat'>-</span> <span class='ocrx_word' id='word_1_29' title='bbox 1230 1303 1232 1314; x_wconf 87' lang='grc'>,</span> <span class='ocrx_word' id='word_1_30' title='bbox 1255 1263 1287 1312; x_wconf 91' lang='grc'><strong>·.</strong></span> 
     </span>
     <span class='ocr_line' id='line_1_6' title="bbox 321 1353 1256 1452; baseline -0.007 -20"><span class='ocrx_word' id='word_1_31' title='bbox 321 1359 507 1436; x_wconf 80' lang='lat' dir='ltr'><strong>Peccatum</strong></span> <span class='ocrx_word' id='word_1_32' title='bbox 520 1372 700 1446; x_wconf 79' lang='lat' dir='ltr'><strong>extenuat,</strong></span> <span class='ocrx_word' id='word_1_33' title='bbox 716 1357 776 1450; x_wconf 81' lang='lat' dir='ltr'><strong>qni</strong></span> <span class='ocrx_word' id='word_1_34' title='bbox 794 1353 949 1430; x_wconf 76' lang='lat' dir='ltr'><strong>¹celeriter</strong></span> <span class='ocrx_word' id='word_1_35' title='bbox 967 1356 1128 1452; x_wconf 70' lang='lat' dir='ltr'><strong>corrigie</strong></span> <span class='ocrx_word' id='word_1_36' title='bbox 1140 1393 1155 1427; x_wconf 45' lang='grc' dir='ltr'><strong>,ν</strong></span> <span class='ocrx_word' id='word_1_37' title='bbox 1176 1423 1179 1431; x_wconf 91' lang='grc'>,</span> <span class='ocrx_word' id='word_1_38' title='bbox 1218 1419 1222 1431; x_wconf 92' lang='grc'><strong>,</strong></span> <span class='ocrx_word' id='word_1_39' title='bbox 1252 1402 1256 1412; x_wconf 87' lang='grc'><strong>-</strong></span> 
     </span>
     <span class='ocr_line' id='line_1_7' title="bbox 321 1471 1205 1572; baseline -0.007 -22"><span class='ocrx_word' id='word_1_40' title='bbox 321 1477 445 1572; x_wconf 86' lang='lat' dir='ltr'><strong>Pejora</strong></span> <span class='ocrx_word' id='word_1_41' title='bbox 461 1475 575 1551; x_wconf 86' lang='lat' dir='ltr'><strong>multo</strong></span> <span class='ocrx_word' id='word_1_42' title='bbox 591 1476 722 1571; x_wconf 82' lang='lat' dir='ltr'><strong>cogitat</strong></span> <span class='ocrx_word' id='word_1_43' title='bbox 737 1489 852 1546; x_wconf 77' lang='lat' dir='ltr'><strong>mutus</strong></span> <span class='ocrx_word' id='word_1_44' title='bbox 867 1471 983 1546; x_wconf 84' lang='lat' dir='ltr'><strong>dolor.</strong></span> <span class='ocrx_word' id='word_1_45' title='bbox 1098 1519 1101 1527; x_wconf 68' lang='grc'><strong>«</strong></span> <span class='ocrx_word' id='word_1_46' title='bbox 1202 1499 1205 1507; x_wconf 92' lang='grc'><strong><em>·</em></strong></span> 
     </span>
     <span class='ocr_line' id='line_1_8' title="bbox 323 1575 1280 1691; baseline -0.003 -25"><span class='ocrx_word' id='word_1_47' title='bbox 323 1593 510 1691; x_wconf 79' lang='lat' dir='ltr'><strong>Perfugere</strong></span> <span class='ocrx_word' id='word_1_48' title='bbox 522 1591 566 1664; x_wconf 79' lang='lat' dir='ltr'><strong>ud</strong></span> <span class='ocrx_word' id='word_1_49' title='bbox 578 1591 794 1682; x_wconf 83' lang='lat' dir='ltr'><strong>inferiorem,</strong></span> <span class='ocrx_word' id='word_1_50' title='bbox 811 1575 948 1690; x_wconf 66' lang='lat' dir='ltr'><strong>seipsum</strong></span> <span class='ocrx_word' id='word_1_51' title='bbox 965 1589 1020 1666; x_wconf 77' lang='lat' dir='ltr'><strong>‚est</strong></span> <span class='ocrx_word' id='word_1_52' title='bbox 1037 1590 1185 1670; x_wconf 77' lang='lat' dir='ltr'><strong>tranare.</strong></span> <span class='ocrx_word' id='word_1_53' title='bbox 1275 1657 1280 1672; x_wconf 83' lang='lat'><em>,</em></span> 
     </span>
     <span class='ocr_line' id='line_1_9' title="bbox 323 1709 1285 1807; baseline -0.003 -21"><span class='ocrx_word' id='word_1_54' title='bbox 323 1712 454 1786; x_wconf 85' lang='lat' dir='ltr'><strong>Pericla</strong></span> <span class='ocrx_word' id='word_1_55' title='bbox 469 1711 744 1802; x_wconf 60' lang='lat' dir='ltr'><strong>timidumetiam-</strong></span> <span class='ocrx_word' id='word_1_56' title='bbox 760 1732 847 1807; x_wconf 80' lang='lat' dir='ltr'><strong>quae</strong></span> <span class='ocrx_word' id='word_1_57' title='bbox 864 1733 934 1783; x_wconf 91' lang='lat' dir='ltr'><strong>non</strong></span> <span class='ocrx_word' id='word_1_58' title='bbox 949 1709 1043 1800; x_wconf 80' lang='lat' dir='ltr'><strong>sum,-</strong></span> <span class='ocrx_word' id='word_1_59' title='bbox 1054 1709 1172 1788; x_wconf 51' lang='lat' dir='ltr'><strong>videt„</strong></span> <span class='ocrx_word' id='word_1_60' title='bbox 1262 1725 1285 1790; x_wconf 73' lang='grc' dir='ltr'><strong>’ῐ</strong></span> 
     </span>
     <span class='ocr_line' id='line_1_10' title="bbox 324 1826 1066 1926; baseline -0.005 -26"><span class='ocrx_word' id='word_1_61' title='bbox 324 1827 497 1926; x_wconf 81' lang='lat' dir='ltr'><strong>Perpetuo</strong></span> <span class='ocrx_word' id='word_1_62' title='bbox 513 1829 719 1924; x_wconf 84' lang='lat' dir='ltr'><strong>vincit‚.qui</strong></span> <span class='ocrx_word' id='word_1_63' title='bbox 735 1828 843 1898; x_wconf 89' lang='lat' dir='ltr'><strong>utitur</strong></span> <span class='ocrx_word' id='word_1_64' title='bbox 860 1826 1066 1906; x_wconf 62' lang='lat' dir='ltr'><strong>clamantia„</strong></span> 
     </span>
    </p>

    <p class='ocr_par' dir='ltr' id='par_1_3' title="bbox 277 1933 1284 3107">
     <span class='ocr_line' id='line_1_11' title="bbox 277 1933 1251 2043; baseline 0.001 -27"><span class='ocrx_word' id='word_1_65' title='bbox 277 1935 280 1938; x_wconf 34' lang='lat'><strong>⁴</strong></span> <span class='ocrx_word' id='word_1_66' title='bbox 325 1933 448 2043; x_wconf 86' lang='lat' dir='ltr'><strong>Populi</strong></span> <span class='ocrx_word' id='word_1_67' title='bbox 464 1943 515 2018; x_wconf 90' lang='lat' dir='ltr'><strong>est</strong></span> <span class='ocrx_word' id='word_1_68' title='bbox 532 1945 752 2041; x_wconf 80' lang='lat' dir='ltr'><strong>mancipium,</strong></span> <span class='ocrx_word' id='word_1_69' title='bbox 770 1940 919 2040; x_wconf 87' lang='lat' dir='ltr'><strong>quisquis</strong></span> <span class='ocrx_word' id='word_1_70' title='bbox 936 1945 1061 2040; x_wconf 76' lang='lat' dir='ltr'><strong>patriae</strong></span> <span class='ocrx_word' id='word_1_71' title='bbox 1074 1943 1129 2016; x_wconf 76' lang='lat' dir='ltr'><strong>est.</strong></span> <span class='ocrx_word' id='word_1_72' title='bbox 1141 1944 1251 2020; x_wconf 84' lang='lat' dir='ltr'><strong>utilis.</strong></span> 
     </span>
     <span class='ocr_line' id='line_1_12' title="bbox 326 2060 1284 2154; baseline -0.002 -18"><span class='ocrx_word' id='word_1_73' title='bbox 326 2065 408 2137; x_wconf 90' lang='lat' dir='ltr'><strong>Post</strong></span> <span class='ocrx_word' id='word_1_74' title='bbox 429 2063 657 2154; x_wconf 67' lang='lat' dir='ltr'><strong>calamitatem</strong></span> <span class='ocrx_word' id='word_1_75' title='bbox 673 2065 856 2154; x_wconf 77' lang='lat' dir='ltr'><strong>memoria,</strong></span> <span class='ocrx_word' id='word_1_76' title='bbox 871 2062 935 2134; x_wconf 86' lang='lat' dir='ltr'><strong>alia</strong></span> <span class='ocrx_word' id='word_1_77' title='bbox 952 2061 1005 2150; x_wconf 84' lang='lat' dir='ltr'><strong>est</strong></span> <span class='ocrx_word' id='word_1_78' title='bbox 1020 2060 1204 2150; x_wconf 69' lang='lat' dir='ltr'><strong>calamitae.</strong></span> <span class='ocrx_word' id='word_1_79' title='bbox 1257 2083 1284 2133; x_wconf 71' lang='grc' dir='ltr'><strong>,ι’</strong></span> 
     </span>
     <span class='ocr_line' id='line_1_13' title="bbox 327 2172 1155 2280; baseline 0.001 -24"><span class='ocrx_word' id='word_1_80' title='bbox 327 2184 453 2256; x_wconf 80' lang='lat' dir='ltr'><strong>Potens</strong></span> <span class='ocrx_word' id='word_1_81' title='bbox 469 2172 659 2276; x_wconf 71' lang='lat' dir='ltr'><strong>misecicors</strong></span> <span class='ocrx_word' id='word_1_82' title='bbox 675 2179 820 2280; x_wconf 78' lang='lat' dir='ltr'><strong>publicu</strong></span> <span class='ocrx_word' id='word_1_83' title='bbox 833 2179 883 2254; x_wconf 81' lang='lat' dir='ltr'><strong>est</strong></span> <span class='ocrx_word' id='word_1_84' title='bbox 901 2180 1055 2258; x_wconf 78' lang='lat' dir='ltr'><strong>felicitas.</strong></span> <span class='ocrx_word' id='word_1_85' title='bbox 1153 2263 1155 2272; x_wconf 17' lang='lat' dir='ltr'><em>A</em></span> 
     </span>
     <span class='ocr_line' id='line_1_14' title="bbox 328 2291 1114 2397; baseline -0.005 -23"><span class='ocrx_word' id='word_1_86' title='bbox 328 2301 472 2374; x_wconf 81' lang='lat' dir='ltr'><strong>Potenti</strong></span> <span class='ocrx_word' id='word_1_87' title='bbox 489 2297 597 2395; x_wconf 81' lang='lat' dir='ltr'><strong>irasci,</strong></span> <span class='ocrx_word' id='word_1_88' title='bbox 615 2296 676 2372; x_wconf 81' lang='lat' dir='ltr'><strong>subi</strong></span> <span class='ocrx_word' id='word_1_89' title='bbox 691 2291 925 2397; x_wconf 71' lang='lat' dir='ltr'><strong>periclum-est</strong></span> <span class='ocrx_word' id='word_1_90' title='bbox 943 2319 1114 2395; x_wconf 82' lang='lat' dir='ltr'><strong>quaerere.</strong></span> 
     </span>
     <span class='ocr_line' id='line_1_15' title="bbox 330 2412 1251 2517; baseline 0 -24"><span class='ocrx_word' id='word_1_91' title='bbox 330 2412 492 2494; x_wconf 76' lang='lat' dir='ltr'><strong>Praesens</strong></span> <span class='ocrx_word' id='word_1_92' title='bbox 508 2416 564 2493; x_wconf 82' lang='lat' dir='ltr'><strong>est</strong></span> <span class='ocrx_word' id='word_1_93' title='bbox 574 2416 717 2517; x_wconf 84' lang='lat' dir='ltr'><strong>semper,</strong></span> <span class='ocrx_word' id='word_1_94' title='bbox 735 2420 796 2517; x_wconf 89' lang='lat' dir='ltr'><strong>qui</strong></span> <span class='ocrx_word' id='word_1_95' title='bbox 813 2417 929 2501; x_wconf 72' lang='lat' dir='ltr'><strong>absens</strong></span> <span class='ocrx_word' id='word_1_96' title='bbox 946 2421 1055 2502; x_wconf 81' lang='lat' dir='ltr'><strong>etiam,</strong></span> <span class='ocrx_word' id='word_1_97' title='bbox 1067 2413 1251 2496; x_wconf 82' lang='lat' dir='ltr'><strong>ulciscitur.</strong></span> 
     </span>
     <span class='ocr_line' id='line_1_16' title="bbox 329 2535 1048 2639; baseline 0 -28"><span class='ocrx_word' id='word_1_98' title='bbox 329 2536 429 2636; x_wconf 83' lang='lat' dir='ltr'><strong>Prius</strong></span> <span class='ocrx_word' id='word_1_99' title='bbox 443 2560 579 2639; x_wconf 77' lang='lat' dir='ltr'><strong>negate,</strong></span> <span class='ocrx_word' id='word_1_100' title='bbox 603 2535 681 2635; x_wconf 87' lang='lat' dir='ltr'><strong>post</strong></span> <span class='ocrx_word' id='word_1_101' title='bbox 692 2536 819 2635; x_wconf 75' lang='lat' dir='ltr'><strong>fecisse,</strong></span> <span class='ocrx_word' id='word_1_102' title='bbox 855 2536 905 2609; x_wconf 85' lang='lat' dir='ltr'><strong>est</strong></span> <span class='ocrx_word' id='word_1_103' title='bbox 921 2536 1048 2611; x_wconf 84' lang='lat' dir='ltr'><strong>fallere.</strong></span> 
     </span>
     <span class='ocr_line' id='line_1_17' title="bbox 334 2651 1168 2753; baseline 0.002 -26"><span class='ocrx_word' id='word_1_104' title='bbox 334 2652 452 2727; x_wconf 84' lang='lat' dir='ltr'><strong>Probo</strong></span> <span class='ocrx_word' id='word_1_105' title='bbox 470 2651 672 2726; x_wconf 89' lang='lat' dir='ltr'><strong>beneficium</strong></span> <span class='ocrx_word' id='word_1_106' title='bbox 687 2656 747 2751; x_wconf 90' lang='lat' dir='ltr'><strong>qui</strong></span> <span class='ocrx_word' id='word_1_107' title='bbox 763 2654 836 2745; x_wconf 82' lang='lat' dir='ltr'><strong>dat,</strong></span> <span class='ocrx_word' id='word_1_108' title='bbox 861 2678 904 2725; x_wconf 83' lang='lat' dir='ltr'><strong>ex</strong></span> <span class='ocrx_word' id='word_1_109' title='bbox 921 2672 1016 2751; x_wconf 91' lang='lat' dir='ltr'><strong>parte</strong></span> <span class='ocrx_word' id='word_1_110' title='bbox 1030 2658 1168 2753; x_wconf 83' lang='lat' dir='ltr'><strong>accipit.</strong></span> 
     </span>
     <span class='ocr_line' id='line_1_18' title="bbox 332 2768 1276 2875; baseline 0.004 -32"><span class='ocrx_word' id='word_1_111' title='bbox 332 2769 470 2843; x_wconf 87' lang='lat' dir='ltr'><strong>Probus</strong></span> <span class='ocrx_word' id='word_1_112' title='bbox 487 2768 627 2875; x_wconf 84' lang='lat' dir='ltr'><strong>libertus</strong></span> <span class='ocrx_word' id='word_1_113' title='bbox 649 2768 720 2843; x_wconf 86' lang='lat' dir='ltr'><strong>fine</strong></span> <span class='ocrx_word' id='word_1_114' title='bbox 735 2787 858 2845; x_wconf 90' lang='lat' dir='ltr'><strong>natura</strong></span> <span class='ocrx_word' id='word_1_115' title='bbox 874 2770 923 2843; x_wconf 86' lang='lat' dir='ltr'><strong>est</strong></span> <span class='ocrx_word' id='word_1_116' title='bbox 946 2770 1048 2847; x_wconf 86' lang='lat' dir='ltr'><strong>filius.</strong></span> <span class='ocrx_word' id='word_1_117' title='bbox 1171 2828 1174 2835; x_wconf 81' lang='lat'>·</span> <span class='ocrx_word' id='word_1_118' title='bbox 1271 2805 1276 2816; x_wconf 90' lang='lat'>·</span> 
     </span>
     <span class='ocr_line' id='line_1_19' title="bbox 334 2885 1211 2991; baseline -0.006 -30"><span class='ocrx_word' id='word_1_119' title='bbox 334 2887 451 2961; x_wconf 87' lang='lat' dir='ltr'><strong>Pudor</strong></span> <span class='ocrx_word' id='word_1_120' title='bbox 464 2885 611 2991; x_wconf 82' lang='lat' dir='ltr'><strong>dimissus</strong></span> <span class='ocrx_word' id='word_1_121' title='bbox 628 2910 803 2985; x_wconf 85' lang='lat' dir='ltr'><strong>nunquam</strong></span> <span class='ocrx_word' id='word_1_122' title='bbox 820 2888 907 2960; x_wconf 87' lang='lat' dir='ltr'><strong>redit</strong></span> <span class='ocrx_word' id='word_1_123' title='bbox 927 2890 963 2961; x_wconf 91' lang='lat' dir='ltr'><strong>in</strong></span> <span class='ocrx_word' id='word_1_124' title='bbox 980 2892 1144 2989; x_wconf 60' lang='lat' dir='ltr'><strong>gratiam„</strong></span> <span class='ocrx_word' id='word_1_125' title='bbox 1207 2942 1211 2956; x_wconf 90' lang='lat'><em>.</em></span> 
     </span>
     <span class='ocr_line' id='line_1_20' title="bbox 334 3006 1068 3107; baseline 0 -26"><span class='ocrx_word' id='word_1_126' title='bbox 334 3009 451 3081; x_wconf 87' lang='lat' dir='ltr'><strong>Pudor</strong></span> <span class='ocrx_word' id='word_1_127' title='bbox 471 3007 587 3083; x_wconf 87' lang='lat' dir='ltr'><strong>doceri</strong></span> <span class='ocrx_word' id='word_1_128' title='bbox 604 3032 675 3085; x_wconf 89' lang='lat' dir='ltr'><strong>non</strong></span> <span class='ocrx_word' id='word_1_129' title='bbox 693 3006 819 3107; x_wconf 81' lang='lat' dir='ltr'><strong>potest,</strong></span> <span class='ocrx_word' id='word_1_130' title='bbox 839 3006 926 3083; x_wconf 85' lang='lat' dir='ltr'><strong>nasci</strong></span> <span class='ocrx_word' id='word_1_131' title='bbox 944 3010 1068 3107; x_wconf 89' lang='lat' dir='ltr'><strong>potest.</strong></span> 
     </span>
    </p>

    <p class='ocr_par' dir='ltr' id='par_1_4' title="bbox 335 3128 1102 3228">
     <span class='ocr_line' id='line_1_21' title="bbox 335 3128 1102 3228; baseline 0.004 -26"><span class='ocrx_word' id='word_1_132' title='bbox 335 3130 487 3228; x_wconf 83' lang='lat' dir='ltr'><strong>Pupillus</strong></span> <span class='ocrx_word' id='word_1_133' title='bbox 504 3132 652 3203; x_wconf 89' lang='lat' dir='ltr'><strong>hominis</strong></span> <span class='ocrx_word' id='word_1_134' title='bbox 669 3130 762 3203; x_wconf 89' lang='lat' dir='ltr'><strong>avidi</strong></span> <span class='ocrx_word' id='word_1_135' title='bbox 779 3128 828 3201; x_wconf 90' lang='lat' dir='ltr'><strong>est</strong></span> <span class='ocrx_word' id='word_1_136' title='bbox 845 3134 963 3203; x_wconf 86' lang='lat' dir='ltr'><strong>aetatis</strong></span> <span class='ocrx_word' id='word_1_137' title='bbox 978 3132 1102 3207; x_wconf 86' lang='lat' dir='ltr'><strong>brevis.</strong></span> 
     </span>
    </p>

    <p class='ocr_par' dir='ltr' id='par_1_5' title="bbox 334 3245 1063 3355">
     <span class='ocr_line' id='line_1_22' title="bbox 334 3245 1063 3355; baseline -0.003 -30"><span class='ocrx_word' id='word_1_138' title='bbox 334 3245 440 3325; x_wconf 83' lang='lat' dir='ltr'><strong>Putas</strong></span> <span class='ocrx_word' id='word_1_139' title='bbox 456 3248 565 3355; x_wconf 81' lang='lat' dir='ltr'><strong>Deus,</strong></span> <span class='ocrx_word' id='word_1_140' title='bbox 581 3274 653 3323; x_wconf 90' lang='lat' dir='ltr'><strong>non</strong></span> <span class='ocrx_word' id='word_1_141' title='bbox 669 3249 782 3347; x_wconf 82' lang='lat' dir='ltr'><strong>plenas</strong></span> <span class='ocrx_word' id='word_1_142' title='bbox 800 3247 916 3346; x_wconf 86' lang='lat' dir='ltr'><strong>aspicit</strong></span> <span class='ocrx_word' id='word_1_143' title='bbox 933 3274 1063 3325; x_wconf 82' lang='lat' dir='ltr'><strong>uranus.</strong></span> 
     </span>
    </p>
   </div>
   <div class='ocr_carea' id='block_1_3' title="bbox 385 3361 1326 3471">
    <p class='ocr_par' dir='ltr' id='par_1_6' title="bbox 385 3361 1326 3471">
     <span class='ocr_line' id='line_1_23' title="bbox 385 3361 1326 3471; baseline 0.007 -26"><span class='ocrx_word' id='word_1_144' title='bbox 385 3370 564 3471; x_wconf 75' lang='lat' dir='ltr'><strong>Qudquid</strong></span> <span class='ocrx_word' id='word_1_145' title='bbox 582 3372 732 3450; x_wconf 82' lang='lat' dir='ltr'><strong>futurum</strong></span> <span class='ocrx_word' id='word_1_146' title='bbox 750 3370 801 3443; x_wconf 87' lang='lat' dir='ltr'><strong>est</strong></span> <span class='ocrx_word' id='word_1_147' title='bbox 818 3372 996 3465; x_wconf 91' lang='lat' dir='ltr'><strong>summum,</strong></span> <span class='ocrx_word' id='word_1_148' title='bbox 1015 3376 1057 3447; x_wconf 89' lang='lat' dir='ltr'><strong>ab</strong></span> <span class='ocrx_word' id='word_1_149' title='bbox 1076 3377 1147 3449; x_wconf 89' lang='lat' dir='ltr'><strong>imo</strong></span> <span class='ocrx_word' id='word_1_150' title='bbox 1164 3361 1326 3455; x_wconf 88' lang='lat' dir='ltr'><strong>nascitur.</strong></span> 
     </span>
    </p>
   </div>
   <div class='ocr_carea' id='block_1_4' title="bbox 334 3490 1282 3833">
    <p class='ocr_par' dir='ltr' id='par_1_7' title="bbox 334 3490 1282 3833">
     <span class='ocr_line' id='line_1_24' title="bbox 334 3490 1150 3590; baseline 0.001 -26"><span class='ocrx_word' id='word_1_151' title='bbox 334 3490 432 3590; x_wconf 78' lang='lat' dir='ltr'><strong>Qtid</strong></span> <span class='ocrx_word' id='word_1_152' title='bbox 448 3491 498 3563; x_wconf 90' lang='lat' dir='ltr'><strong>est</strong></span> <span class='ocrx_word' id='word_1_153' title='bbox 516 3492 718 3565; x_wconf 88' lang='lat' dir='ltr'><strong>beneficium</strong></span> <span class='ocrx_word' id='word_1_154' title='bbox 735 3490 842 3576; x_wconf 83' lang='lat' dir='ltr'><strong>dare?</strong></span> <span class='ocrx_word' id='word_1_155' title='bbox 879 3494 1006 3565; x_wconf 86' lang='lat' dir='ltr'><strong>imitari</strong></span> <span class='ocrx_word' id='word_1_156' title='bbox 1022 3493 1150 3570; x_wconf 89' lang='lat' dir='ltr'><strong>Deum.</strong></span> 
     </span>
     <span class='ocr_line' id='line_1_25' title="bbox 339 3610 1163 3713; baseline 0.006 -29"><span class='ocrx_word' id='word_1_157' title='bbox 339 3612 409 3711; x_wconf 80' lang='lat' dir='ltr'><strong>Qui</strong></span> <span class='ocrx_word' id='word_1_158' title='bbox 428 3638 491 3711; x_wconf 91' lang='lat' dir='ltr'><strong>pro</strong></span> <span class='ocrx_word' id='word_1_159' title='bbox 507 3615 695 3685; x_wconf 85' lang='lat' dir='ltr'><strong>innocente</strong></span> <span class='ocrx_word' id='word_1_160' title='bbox 711 3613 810 3699; x_wconf 81' lang='lat' dir='ltr'><strong>dicit,</strong></span> <span class='ocrx_word' id='word_1_161' title='bbox 830 3610 905 3687; x_wconf 88' lang='lat' dir='ltr'><strong>satis</strong></span> <span class='ocrx_word' id='word_1_162' title='bbox 920 3614 969 3687; x_wconf 89' lang='lat' dir='ltr'><strong>est</strong></span> <span class='ocrx_word' id='word_1_163' title='bbox 987 3615 1163 3713; x_wconf 78' lang='lat' dir='ltr'><strong>eloquens.</strong></span> 
     </span>
     <span class='ocr_line' id='line_1_26' title="bbox 338 3728 1282 3833; baseline -0.002 -28"><span class='ocrx_word' id='word_1_164' title='bbox 338 3731 409 3833; x_wconf 71' lang='lat' dir='ltr'><strong>Qui</strong></span> <span class='ocrx_word' id='word_1_165' title='bbox 427 3729 458 3805; x_wconf 88' lang='lat' dir='ltr'><strong>se</strong></span> <span class='ocrx_word' id='word_1_166' title='bbox 476 3728 542 3828; x_wconf 89' lang='lat' dir='ltr'><strong>ipse</strong></span> <span class='ocrx_word' id='word_1_167' title='bbox 559 3730 687 3827; x_wconf 87' lang='lat' dir='ltr'><strong>laudat,</strong></span> <span class='ocrx_word' id='word_1_168' title='bbox 704 3736 777 3807; x_wconf 88' lang='lat' dir='ltr'><strong>cito</strong></span> <span class='ocrx_word' id='word_1_169' title='bbox 794 3732 975 3809; x_wconf 85' lang='lat' dir='ltr'><strong>derisorem</strong></span> <span class='ocrx_word' id='word_1_170' title='bbox 995 3737 1143 3823; x_wconf 79' lang='lat' dir='ltr'><strong>invenit.</strong></span> <span class='ocrx_word' id='word_1_171' title='bbox 1277 3747 1282 3803; x_wconf 77' lang='grc' dir='ltr'>ῑ</span> 
     </span>
    </p>
   </div>
   <div class='ocr_carea' id='block_1_5' title="bbox 1182 3854 1304 3957">
    <p class='ocr_par' dir='ltr' id='par_1_8' title="bbox 1182 3854 1304 3957">
     <span class='ocr_line' id='line_1_27' title="bbox 1182 3854 1304 3957; baseline 0.082 -34"><span class='ocrx_word' id='word_1_172' title='bbox 1182 3854 1304 3957; x_wconf 74' lang='lat' dir='ltr'><strong>,Qud</strong></span> 
     </span>
    </p>
   </div>
   <div class='ocr_carea' id='block_1_6' title="bbox 0 0 1580 4775">
    <p class='ocr_par' dir='ltr' id='par_1_9' title="bbox 0 0 1580 4775">
     <span class='ocr_line' id='line_1_28' title="bbox 0 0 1580 4775; baseline 0 0"><span class='ocrx_word' id='word_1_173' title='bbox 0 0 1580 4775; x_wconf 95' lang='lat' dir='ltr'><strong> </strong></span> 
     </span>
    </p>
   </div>
  </div>
 </body>
</html>
