3100 4775
509 305 578 312 .-..-.-
590 305 822 319 --v—v---m—--v
837 307 840 309 v
854 307 865 309 w
975 309 987 311 v-

554 689 800 778 LIBER
847 699 893 777 V.
973 689 975 694 ’
1083 729 1086 734 ’
1178 701 1226 796 γρ

306 877 382 950 Hoc
399 897 603 978 argumento
620 865 755 958 vertiam
772 883 893 958 donari
911 869 1026 977 decet,

256 996 326 1097 Qui
344 996 418 1071 casu
434 1019 580 1097 peecat3
609 1006 766 1098 namqui
784 1003 926 1076 confilio
941 1003 991 1078 est
1009 1021 1149 1103 nocens,
1213 1080 1229 1116 ,-

256 1116 355 1189 Illum
371 1118 435 1190 effe
452 1123 566 1216 quivis
582 1118 692 1217 poenit
706 1121 851 1218 dignum
863 1121 1009 1219 judicet.

599 1369 629 1444 F
654 1369 688 1443 A
716 1369 761 1445 Β.
817 1369 882 1444 IV.

524 1544 677 1636 Homo
702 1569 740 1610 aa
767 1547 958 1646 asturus.

351 1709 523 1791 Ururru
555 1707 759 1782 immoiaffet
790 1719 934 1784 verrem
959 1729 1067 1810 quum
1103 1709 1218 1782 santio

256 1709 350 1934 Q
499 1827 653 1919 uerear,
1221 1809 1228 1816 ’

254 1943 323 2014 Cui
339 1967 403 2039 pro
419 1939 522 2014 salute
540 1961 661 2015 votum
677 1942 825 2015 debebat
842 1941 912 2033 sua,

252 2058 367 2131 Aseuo
380 2056 472 2154 jum
489 2059 647 2156 reliquias
663 2041 745 2156 poia
763 2059 898 2132 hordei.

251 2177 345 2278 Quas
362 2176 574 2274 adspernatus
590 2179 661 2270 ille,
686 2177 730 2250 fic
748 2179 881 2250 locutus
897 2179 970 2250 esta

251 2293 419 2366 Libenter
436 2293 537 2367 istum
553 2293 686 2394 prorsus
702 2296 896 2395 adpeterem
913 2283 1042 2389 cibum,

253 2413 340 2505 Nifi,
367 2417 427 2511 qui
444 2418 595 2488 nutritus
612 2416 672 2489 illo
688 2414 753 2509 est,
773 2416 948 2515 jugulatus
965 2418 1068 2499 foret.
1219 2406 1227 2471 ‘‚

299 2534 409 2631 Hujus
426 2532 575 2631 respetiu
592 2533 726 2607 fabulae
741 2535 938 2626 deterritus,
1207 2516 1226 2546 Τ

252 2654 481 2727 Periculosum
498 2652 626 2752 semper
643 2657 798 2753 reputavi
814 2654 960 2727 lucrum.

252 2772 320 2843 Sed
336 2771 436 2860 dicis,
461 2773 521 2867 qui
538 2792 678 2869 rapuere
694 2769 846 2863 divitias,
856 2806 860 2817 ·
872 2773 1006 2867 vigent.

251 2891 493 2980 Numeremus,
522 2890 682 2987 agedum,
708 2890 767 2987 qui
783 2886 935 2987 depreusu
952 2888 1137 2988 perierint:

249 3004 423 3101 Majorem
440 3002 576 3075 turbam
590 3005 791 3100 punitorum
809 3004 967 3101 reperies.

300 3120 418 3192 Paucis
434 3122 605 3193 temeritas
621 3121 671 3191 est
688 3121 797 3212 bono,
822 3116 939 3192 multis
956 3116 1060 3191 malo.
1214 3112 1222 3126 '

599 3360 629 3434 F
654 3360 687 3431 Α
713 3359 756 3433 Β.
814 3358 859 3433 V.

449 3494 649 3561 SCURRA
667 3491 713 3561 ¹ur
740 3494 1010 3561 susumus.

322 3640 445 3715 Ruvo
473 3638 592 3717 favere
609 3640 676 3715 labi
695 3642 853 3717 mortales
869 3638 991 3727 solent,
1010 3665 1013 3673 ·
1116 3670 1119 3677 ⁴
1214 3644 1222 3659 “

298 3834 305 3847 ,
346 3760 409 3855 Et,
434 3787 499 3860 pro
511 3762 633 3859 judicii
652 3763 742 3838 stant
760 3776 875 3835 errore
893 3762 975 3843 dum
991 3757 1054 3853 sui,

1171 3868 1228 3946 At
