<?xml version="1.0" encoding="UTF-8"?>
<!DOCTYPE html PUBLIC "-//W3C//DTD XHTML 1.0 Transitional//EN"
    "http://www.w3.org/TR/xhtml1/DTD/xhtml1-transitional.dtd">
<html xmlns="http://www.w3.org/1999/xhtml" xml:lang="en" lang="en">
 <head>
  <title>
</title>
<meta http-equiv="Content-Type" content="text/html;charset=utf-8" />
  <meta name='ocr-system' content='tesseract 3.04.00' />
  <meta name='ocr-capabilities' content='ocr_page ocr_carea ocr_par ocr_line ocrx_word'/>
</head>
<body>
  <div class='ocr_page' id='page_1' title='image "./phdriaugustilib00phaegoog_0107.png"; bbox 0 0 3100 4775; ppageno 0'>
   <div class='ocr_carea' id='block_1_1' title="bbox 293 693 1220 820">
    <p class='ocr_par' dir='ltr' id='par_1_1' title="bbox 293 693 1220 820">
     <span class='ocr_line' id='line_1_1' title="bbox 293 693 1220 820; baseline -0.002 -27"><span class='ocrx_word' id='word_1_1' title='bbox 293 693 298 704; x_wconf 82' lang='grc'><strong>’</strong></span> <span class='ocrx_word' id='word_1_2' title='bbox 431 701 960 794; x_wconf 70' lang='grc' dir='ltr'><strong>εΈΝῢτΕΝτῐΑΕ.</strong></span> <span class='ocrx_word' id='word_1_3' title='bbox 1168 719 1220 820; x_wconf 57' lang='lat' dir='ltr'><strong>ay</strong></span> 
     </span>
    </p>
   </div>
   <div class='ocr_carea' id='block_1_2' title="bbox 144 892 1304 2542">
    <p class='ocr_par' dir='ltr' id='par_1_2' title="bbox 245 892 1211 1472">
     <span class='ocr_line' id='line_1_2' title="bbox 250 892 1018 997; baseline 0.003 -29"><span class='ocrx_word' id='word_1_4' title='bbox 250 892 358 995; x_wconf 79' lang='lat' dir='ltr'><strong>Qrod</strong></span> <span class='ocrx_word' id='word_1_5' title='bbox 370 895 464 970; x_wconf 79' lang='lat' dir='ltr'><strong>&#39;aetas</strong></span> <span class='ocrx_word' id='word_1_6' title='bbox 479 897 603 971; x_wconf 79' lang='lat' dir='ltr'><strong>vitium</strong></span> <span class='ocrx_word' id='word_1_7' title='bbox 619 895 744 997; x_wconf 78' lang='lat' dir='ltr'>posuit,</span> <span class='ocrx_word' id='word_1_8' title='bbox 768 913 858 972; x_wconf 86' lang='lat' dir='ltr'><strong>aetas</strong></span> <span class='ocrx_word' id='word_1_9' title='bbox 875 897 1018 972; x_wconf 81' lang='lat' dir='ltr'><strong>auferet.</strong></span> 
     </span>
     <span class='ocr_line' id='line_1_3' title="bbox 245 1013 1148 1114; baseline 0.006 -32"><span class='ocrx_word' id='word_1_10' title='bbox 245 1013 359 1113; x_wconf 12' lang='lat' dir='ltr'><strong>*Qud</strong></span> <span class='ocrx_word' id='word_1_11' title='bbox 374 1014 517 1114; x_wconf 89' lang='lat' dir='ltr'><strong>quisque</strong></span> <span class='ocrx_word' id='word_1_12' title='bbox 532 1035 636 1110; x_wconf 89' lang='lat' dir='ltr'><strong>amat,</strong></span> <span class='ocrx_word' id='word_1_13' title='bbox 654 1017 821 1089; x_wconf 89' lang='lat' dir='ltr'><strong>laudando</strong></span> <span class='ocrx_word' id='word_1_14' title='bbox 838 1017 1057 1092; x_wconf 80' lang='lat' dir='ltr'><strong>commendat</strong></span> <span class='ocrx_word' id='word_1_15' title='bbox 1073 1015 1148 1091; x_wconf 87' lang='lat' dir='ltr'><strong>sibi.</strong></span> 
     </span>
     <span class='ocr_line' id='line_1_4' title="bbox 251 1123 1210 1240; baseline 0.001 -31"><span class='ocrx_word' id='word_1_16' title='bbox 251 1133 358 1234; x_wconf 82' lang='lat' dir='ltr'><strong>Quod</strong></span> <span class='ocrx_word' id='word_1_17' title='bbox 375 1125 452 1209; x_wconf 80' lang='lat' dir='ltr'><strong>vult·</strong></span> <span class='ocrx_word' id='word_1_18' title='bbox 467 1135 584 1228; x_wconf 86' lang='lat' dir='ltr'><strong>babet,</strong></span> <span class='ocrx_word' id='word_1_19' title='bbox 601 1138 663 1234; x_wconf 86' lang='lat' dir='ltr'><strong>qui</strong></span> <span class='ocrx_word' id='word_1_20' title='bbox 677 1135 767 1210; x_wconf 82' lang='lat' dir='ltr'><strong>velle</strong></span> <span class='ocrx_word' id='word_1_21' title='bbox 784 1137 878 1234; x_wconf 93' lang='lat' dir='ltr'><strong>quod</strong></span> <span class='ocrx_word' id='word_1_22' title='bbox 890 1133 969 1210; x_wconf 86' lang='lat' dir='ltr'><strong>satis</strong></span> <span class='ocrx_word' id='word_1_23' title='bbox 981 1137 1032 1212; x_wconf 87' lang='lat' dir='ltr'><strong>est</strong></span> <span class='ocrx_word' id='word_1_24' title='bbox 1048 1137 1177 1240; x_wconf 73' lang='lat' dir='ltr'><strong>potest.</strong></span> <span class='ocrx_word' id='word_1_25' title='bbox 1205 1123 1210 1131; x_wconf 73' lang='grc'><strong>’</strong></span> 
     </span>
     <span class='ocr_line' id='line_1_5' title="bbox 248 1239 1211 1354; baseline 0 -27"><span class='ocrx_word' id='word_1_26' title='bbox 248 1241 415 1354; x_wconf 67' lang='lat' dir='ltr'><strong>&#39;Quotidie</strong></span> <span class='ocrx_word' id='word_1_27' title='bbox 429 1242 623 1346; x_wconf 78' lang='lat' dir='ltr'><strong>damnatur,</strong></span> <span class='ocrx_word' id='word_1_28' title='bbox 641 1256 703 1352; x_wconf 92' lang='lat' dir='ltr'><strong>qui</strong></span> <span class='ocrx_word' id='word_1_29' title='bbox 717 1252 847 1352; x_wconf 83' lang='lat' dir='ltr'><strong>semper</strong></span> <span class='ocrx_word' id='word_1_30' title='bbox 863 1255 976 1329; x_wconf 90' lang='lat' dir='ltr'><strong>timet.</strong></span> <span class='ocrx_word' id='word_1_31' title='bbox 1069 1297 1072 1303; x_wconf 22' lang='grc' dir='ltr'><strong><em>Δ</em></strong></span> <span class='ocrx_word' id='word_1_32' title='bbox 1207 1239 1211 1246; x_wconf 62' lang='grc'>’</span> 
     </span>
     <span class='ocr_line' id='line_1_6' title="bbox 251 1371 1004 1472; baseline -0.001 -25"><span class='ocrx_word' id='word_1_33' title='bbox 251 1371 419 1472; x_wconf 80' lang='lat' dir='ltr'><strong>Qrotidie</strong></span> <span class='ocrx_word' id='word_1_34' title='bbox 435 1372 485 1446; x_wconf 85' lang='lat' dir='ltr'><strong>est</strong></span> <span class='ocrx_word' id='word_1_35' title='bbox 501 1373 652 1447; x_wconf 84' lang='lat' dir='ltr'><strong>deterior</strong></span> <span class='ocrx_word' id='word_1_36' title='bbox 672 1371 841 1472; x_wconf 85' lang='lat' dir='ltr'><strong>posterior</strong></span> <span class='ocrx_word' id='word_1_37' title='bbox 857 1373 942 1446; x_wconf 88' lang='lat' dir='ltr'><strong>dies.</strong></span> <span class='ocrx_word' id='word_1_38' title='bbox 1002 1409 1004 1412; x_wconf 96' lang='lat'>·</span> 
     </span>
    </p>

    <p class='ocr_par' dir='ltr' id='par_1_3' title="bbox 144 1471 1304 1942">
     <span class='ocr_line' id='line_1_7' title="bbox 310 1491 1304 1600; baseline -0.001 -34"><span class='ocrx_word' id='word_1_39' title='bbox 310 1492 442 1566; x_wconf 90' lang='lat' dir='ltr'><strong>Rarum</strong></span> <span class='ocrx_word' id='word_1_40' title='bbox 457 1491 523 1566; x_wconf 86' lang='lat' dir='ltr'><strong>esse</strong></span> <span class='ocrx_word' id='word_1_41' title='bbox 538 1509 690 1592; x_wconf 88' lang='lat' dir='ltr'><strong>oportet,</strong></span> <span class='ocrx_word' id='word_1_42' title='bbox 707 1491 802 1589; x_wconf 91' lang='lat' dir='ltr'><strong>quod</strong></span> <span class='ocrx_word' id='word_1_43' title='bbox 818 1491 878 1564; x_wconf 90' lang='lat' dir='ltr'><strong>diu</strong></span> <span class='ocrx_word' id='word_1_44' title='bbox 896 1515 1014 1566; x_wconf 90' lang='lat' dir='ltr'><strong>carum</strong></span> <span class='ocrx_word' id='word_1_45' title='bbox 1030 1491 1134 1600; x_wconf 78' lang='lat' dir='ltr'><strong>velis.</strong></span> <span class='ocrx_word' id='word_1_46' title='bbox 1302 1528 1304 1538; x_wconf 93' lang='lat'>·</span> 
     </span>
     <span class='ocr_line' id='line_1_8' title="bbox 144 1605 1209 1713; baseline 0.002 -34"><span class='ocrx_word' id='word_1_47' title='bbox 144 1704 145 1713; x_wconf 8' lang='grc' dir='ltr'>ἵ</span> <span class='ocrx_word' id='word_1_48' title='bbox 251 1605 320 1681; x_wconf 88' lang='lat' dir='ltr'><strong>Rei</strong></span> <span class='ocrx_word' id='word_1_49' title='bbox 337 1609 424 1683; x_wconf 81' lang='lat' dir='ltr'><strong>nulli</strong></span> <span class='ocrx_word' id='word_1_50' title='bbox 439 1609 578 1707; x_wconf 82' lang='lat' dir='ltr'><strong>prodest</strong></span> <span class='ocrx_word' id='word_1_51' title='bbox 595 1633 705 1702; x_wconf 90' lang='lat' dir='ltr'><strong>mora,</strong></span> <span class='ocrx_word' id='word_1_52' title='bbox 726 1609 790 1681; x_wconf 82' lang='lat' dir='ltr'><strong>nist</strong></span> <span class='ocrx_word' id='word_1_53' title='bbox 805 1608 1013 1682; x_wconf 88' lang='lat' dir='ltr'><strong>iracundiae.</strong></span> <span class='ocrx_word' id='word_1_54' title='bbox 1117 1607 1139 1697; x_wconf 50' lang='grc' dir='ltr'><em>ᾖ</em></span> <span class='ocrx_word' id='word_1_55' title='bbox 1200 1646 1209 1658; x_wconf 78' lang='lat'>-</span> 
     </span>
     <span class='ocr_line' id='line_1_9' title="bbox 250 1723 1209 1833; baseline 0.001 -33"><span class='ocrx_word' id='word_1_56' title='bbox 250 1723 457 1800; x_wconf 85' lang='lat' dir='ltr'><strong>Remedium</strong></span> <span class='ocrx_word' id='word_1_57' title='bbox 472 1726 595 1801; x_wconf 84' lang='lat' dir='ltr'><strong>frustra</strong></span> <span class='ocrx_word' id='word_1_58' title='bbox 612 1725 663 1800; x_wconf 88' lang='lat' dir='ltr'><strong>est</strong></span> <span class='ocrx_word' id='word_1_59' title='bbox 675 1745 798 1801; x_wconf 86' lang='lat' dir='ltr'><strong>contra</strong></span> <span class='ocrx_word' id='word_1_60' title='bbox 813 1726 943 1800; x_wconf 86' lang='lat' dir='ltr'><strong>fulmen</strong></span> <span class='ocrx_word' id='word_1_61' title='bbox 960 1733 1138 1826; x_wconf 79' lang='lat' dir='ltr'><strong>quaerere.</strong></span> <span class='ocrx_word' id='word_1_62' title='bbox 1200 1823 1209 1833; x_wconf 93' lang='lat'><strong>.</strong></span> 
     </span>
     <span class='ocr_line' id='line_1_10' title="bbox 250 1842 991 1942; baseline 0 -24"><span class='ocrx_word' id='word_1_63' title='bbox 250 1842 409 1942; x_wconf 90' lang='lat' dir='ltr'><strong>Repente</strong></span> <span class='ocrx_word' id='word_1_64' title='bbox 424 1846 533 1941; x_wconf 85' lang='lat' dir='ltr'><strong>dives,</strong></span> <span class='ocrx_word' id='word_1_65' title='bbox 555 1869 660 1920; x_wconf 87' lang='lat' dir='ltr'><strong>nemo</strong></span> <span class='ocrx_word' id='word_1_66' title='bbox 677 1847 786 1920; x_wconf 74' lang='lat' dir='ltr'><strong>sacius</strong></span> <span class='ocrx_word' id='word_1_67' title='bbox 802 1846 852 1919; x_wconf 85' lang='lat' dir='ltr'><strong>e&#39;st</strong></span> <span class='ocrx_word' id='word_1_68' title='bbox 869 1846 991 1919; x_wconf 92' lang='lat' dir='ltr'><strong>bonus.</strong></span> 
     </span>
    </p>

    <p class='ocr_par' dir='ltr' id='par_1_4' title="bbox 250 1957 1242 2542">
     <span class='ocr_line' id='line_1_11' title="bbox 311 1957 1242 2065; baseline 0 -28"><span class='ocrx_word' id='word_1_69' title='bbox 311 1965 463 2063; x_wconf 78' lang='lat' dir='ltr'><strong>Sapiens,</strong></span> <span class='ocrx_word' id='word_1_70' title='bbox 482 1967 577 2065; x_wconf 90' lang='lat' dir='ltr'><strong>quod</strong></span> <span class='ocrx_word' id='word_1_71' title='bbox 592 1968 734 2064; x_wconf 89' lang='lat' dir='ltr'><strong>petitur,</strong></span> <span class='ocrx_word' id='word_1_72' title='bbox 756 1965 937 2057; x_wconf 65' lang='lat' dir='ltr'><strong>ubi‘tacet,</strong></span> <span class='ocrx_word' id='word_1_73' title='bbox 955 1965 1109 2041; x_wconf 88' lang='lat' dir='ltr'><strong>breviter</strong></span> <span class='ocrx_word' id='word_1_74' title='bbox 1124 1957 1242 2064; x_wconf 77' lang='lat' dir='ltr'><strong>negat.</strong></span> 
     </span>
     <span class='ocr_line' id='line_1_12' title="bbox 250 2081 969 2182; baseline -0.001 -26"><span class='ocrx_word' id='word_1_75' title='bbox 250 2081 392 2156; x_wconf 86' lang='lat' dir='ltr'><strong>Secreto</strong></span> <span class='ocrx_word' id='word_1_76' title='bbox 408 2087 535 2158; x_wconf 85' lang='lat' dir='ltr'><strong>amicos</strong></span> <span class='ocrx_word' id='word_1_77' title='bbox 551 2085 710 2172; x_wconf 86' lang='lat' dir='ltr'><strong>admone,</strong></span> <span class='ocrx_word' id='word_1_78' title='bbox 734 2083 834 2157; x_wconf 90' lang='lat' dir='ltr'><strong>lauda</strong></span> <span class='ocrx_word' id='word_1_79' title='bbox 845 2084 969 2182; x_wconf 90' lang='lat' dir='ltr'><strong>palam.</strong></span> 
     </span>
     <span class='ocr_line' id='line_1_13' title="bbox 251 2199 1022 2300; baseline 0.001 -28"><span class='ocrx_word' id='word_1_80' title='bbox 251 2199 324 2272; x_wconf 85' lang='lat' dir='ltr'>Sibi</span> <span class='ocrx_word' id='word_1_81' title='bbox 341 2200 410 2299; x_wconf 89' lang='lat' dir='ltr'><strong>ipsa</strong></span> <span class='ocrx_word' id='word_1_82' title='bbox 425 2199 627 2300; x_wconf 85' lang='lat' dir='ltr'><strong>improbitas</strong></span> <span class='ocrx_word' id='word_1_83' title='bbox 643 2203 740 2300; x_wconf 89' lang='lat' dir='ltr'><strong>cogit</strong></span> <span class='ocrx_word' id='word_1_84' title='bbox 756 2201 831 2274; x_wconf 85' lang='lat' dir='ltr'><strong>fieri</strong></span> <span class='ocrx_word' id='word_1_85' title='bbox 848 2202 1022 2298; x_wconf 89' lang='lat' dir='ltr'><strong>injuriam.</strong></span> 
     </span>
     <span class='ocr_line' id='line_1_14' title="bbox 252 2317 1203 2422; baseline 0.002 -29"><span class='ocrx_word' id='word_1_86' title='bbox 252 2319 325 2395; x_wconf 87' lang='lat' dir='ltr'><strong>Sibi</strong></span> <span class='ocrx_word' id='word_1_87' title='bbox 342 2319 409 2419; x_wconf 92' lang='lat' dir='ltr'><strong>ipse</strong></span> <span class='ocrx_word' id='word_1_88' title='bbox 425 2320 486 2394; x_wconf 91' lang='lat' dir='ltr'><strong>dat</strong></span> <span class='ocrx_word' id='word_1_89' title='bbox 497 2320 709 2422; x_wconf 82' lang='lat' dir='ltr'><strong>supplicium,</strong></span> <span class='ocrx_word' id='word_1_90' title='bbox 726 2345 829 2421; x_wconf 89' lang='lat' dir='ltr'><strong>quem</strong></span> <span class='ocrx_word' id='word_1_91' title='bbox 847 2317 974 2394; x_wconf 84' lang='lat' dir='ltr'><strong>admissi</strong></span> <span class='ocrx_word' id='word_1_92' title='bbox 989 2320 1109 2419; x_wconf 87' lang='lat' dir='ltr'><strong>pudet.</strong></span> <span class='ocrx_word' id='word_1_93' title='bbox 1195 2410 1203 2419; x_wconf 38' lang='lat'>‚</span> 
     </span>
     <span class='ocr_line' id='line_1_15' title="bbox 253 2424 1203 2542; baseline 0.001 -28"><span class='ocrx_word' id='word_1_94' title='bbox 253 2442 349 2515; x_wconf 84' lang='lat' dir='ltr'><strong>Solet</strong></span> <span class='ocrx_word' id='word_1_95' title='bbox 365 2442 432 2515; x_wconf 87' lang='lat' dir='ltr'><strong>esse</strong></span> <span class='ocrx_word' id='word_1_96' title='bbox 451 2444 488 2516; x_wconf 91' lang='lat' dir='ltr'><strong>in</strong></span> <span class='ocrx_word' id='word_1_97' title='bbox 501 2440 615 2517; x_wconf 92' lang='lat' dir='ltr'><strong>dubiis</strong></span> <span class='ocrx_word' id='word_1_98' title='bbox 630 2467 695 2542; x_wconf 92' lang='lat' dir='ltr'><strong>pro</strong></span> <span class='ocrx_word' id='word_1_99' title='bbox 713 2442 854 2516; x_wconf 88' lang='lat' dir='ltr'><strong>consilio</strong></span> <span class='ocrx_word' id='word_1_100' title='bbox 876 2445 1064 2516; x_wconf 87' lang='lat' dir='ltr'><strong>temeritas.</strong></span> <span class='ocrx_word' id='word_1_101' title='bbox 1130 2468 1134 2475; x_wconf 93' lang='lat'>·</span> <span class='ocrx_word' id='word_1_102' title='bbox 1193 2424 1203 2479; x_wconf 65' lang='lat'><em>²</em></span> 
     </span>
    </p>
   </div>
   <div class='ocr_carea' id='block_1_3' title="bbox 249 2559 1312 2895">
    <p class='ocr_par' dir='ltr' id='par_1_5' title="bbox 249 2559 1312 2895">
     <span class='ocr_line' id='line_1_16' title="bbox 302 2559 1222 2673; baseline 0.004 -41"><span class='ocrx_word' id='word_1_103' title='bbox 302 2560 397 2633; x_wconf 88' lang='lat' dir='ltr'><strong>Tam</strong></span> <span class='ocrx_word' id='word_1_104' title='bbox 413 2559 507 2633; x_wconf 89' lang='lat' dir='ltr'><strong>deest</strong></span> <span class='ocrx_word' id='word_1_105' title='bbox 530 2585 641 2636; x_wconf 86' lang='lat' dir='ltr'><strong>avaro.</strong></span> <span class='ocrx_word' id='word_1_106' title='bbox 652 2560 747 2659; x_wconf 90' lang='lat' dir='ltr'><strong>quod</strong></span> <span class='ocrx_word' id='word_1_107' title='bbox 764 2560 882 2657; x_wconf 89' lang='lat' dir='ltr'><strong>habet,</strong></span> <span class='ocrx_word' id='word_1_108' title='bbox 909 2584 1012 2660; x_wconf 84' lang='lat' dir='ltr'><strong>quam</strong></span> <span class='ocrx_word' id='word_1_109' title='bbox 1029 2560 1125 2660; x_wconf 90' lang='lat' dir='ltr'><strong>quod</strong></span> <span class='ocrx_word' id='word_1_110' title='bbox 1146 2582 1222 2673; x_wconf 74' lang='lat' dir='ltr'><strong>non</strong></span> 
     </span>
     <span class='ocr_line' id='line_1_17' title="bbox 249 2676 1312 2895; baseline 0.002 -29"><span class='ocrx_word' id='word_1_111' title='bbox 249 2794 409 2868; x_wconf 86' lang='lat' dir='ltr'><strong>Timidus</strong></span> <span class='ocrx_word' id='word_1_112' title='bbox 424 2676 578 2869; x_wconf 44' lang='lat' dir='ltr'><strong>2213·st</strong></span> <span class='ocrx_word' id='word_1_113' title='bbox 595 2816 747 2888; x_wconf 89' lang='lat' dir='ltr'><strong>cautum,</strong></span> <span class='ocrx_word' id='word_1_114' title='bbox 768 2818 907 2895; x_wconf 88' lang='lat' dir='ltr'><strong>parcum</strong></span> <span class='ocrx_word' id='word_1_115' title='bbox 924 2787 1091 2867; x_wconf 85' lang='lat' dir='ltr'><strong>sordidus.</strong></span> <span class='ocrx_word' id='word_1_116' title='bbox 1189 2766 1200 2833; x_wconf 59' lang='lat'><em>3</em></span> <span class='ocrx_word' id='word_1_117' title='bbox 1307 2786 1312 2797; x_wconf 54' lang='lat'><strong>⁴</strong></span> 
     </span>
    </p>
   </div>
   <div class='ocr_carea' id='block_1_4' title="bbox 240 2914 1196 3133">
    <p class='ocr_par' dir='ltr' id='par_1_6' title="bbox 240 2914 1196 3133">
     <span class='ocr_line' id='line_1_18' title="bbox 253 2914 1193 3015; baseline -0.002 -26"><span class='ocrx_word' id='word_1_118' title='bbox 253 2920 256 2927; x_wconf 83' lang='lat'>&#39;</span> <span class='ocrx_word' id='word_1_119' title='bbox 285 2917 360 2989; x_wconf 92' lang='lat' dir='ltr'><strong>Ubi</strong></span> <span class='ocrx_word' id='word_1_120' title='bbox 377 2936 498 3015; x_wconf 90' lang='lat' dir='ltr'><strong>peccat</strong></span> <span class='ocrx_word' id='word_1_121' title='bbox 516 2934 607 2989; x_wconf 88' lang='lat' dir='ltr'><strong>aetas</strong></span> <span class='ocrx_word' id='word_1_122' title='bbox 623 2918 746 3015; x_wconf 90' lang='lat' dir='ltr'><strong>major,</strong></span> <span class='ocrx_word' id='word_1_123' title='bbox 771 2918 859 2990; x_wconf 88' lang='lat' dir='ltr'><strong>male</strong></span> <span class='ocrx_word' id='word_1_124' title='bbox 876 2914 973 2990; x_wconf 82' lang='lat' dir='ltr'><strong>discit</strong></span> <span class='ocrx_word' id='word_1_125' title='bbox 991 2918 1121 2989; x_wconf 90' lang='lat' dir='ltr'><strong>minor.</strong></span> <span class='ocrx_word' id='word_1_126' title='bbox 1189 3002 1193 3013; x_wconf 93' lang='lat'><strong>.</strong></span> 
     </span>
     <span class='ocr_line' id='line_1_19' title="bbox 240 3036 1196 3133; baseline -0.004 -24"><span class='ocrx_word' id='word_1_127' title='bbox 240 3036 398 3111; x_wconf 87' lang='lat' dir='ltr'><strong>Veterem</strong></span> <span class='ocrx_word' id='word_1_128' title='bbox 416 3036 560 3113; x_wconf 86' lang='lat' dir='ltr'><strong>ferendo</strong></span> <span class='ocrx_word' id='word_1_129' title='bbox 576 3036 749 3133; x_wconf 85' lang='lat' dir='ltr'><strong>injuriam,</strong></span> <span class='ocrx_word' id='word_1_130' title='bbox 767 3038 895 3110; x_wconf 90' lang='lat' dir='ltr'><strong>invites</strong></span> <span class='ocrx_word' id='word_1_131' title='bbox 913 3056 1053 3107; x_wconf 87' lang='lat' dir='ltr'><strong>novam.</strong></span> <span class='ocrx_word' id='word_1_132' title='bbox 1188 3058 1196 3069; x_wconf 94' lang='lat'>·</span> 
     </span>
    </p>
   </div>
   <div class='ocr_carea' id='block_1_5' title="bbox 490 3288 1009 3429">
    <p class='ocr_par' dir='ltr' id='par_1_7' title="bbox 490 3288 1009 3429">
     <span class='ocr_line' id='line_1_20' title="bbox 490 3288 1009 3429; baseline -0.01 -20"><span class='ocrx_word' id='word_1_133' title='bbox 490 3288 1009 3429; x_wconf 71' lang='lat' dir='ltr'><strong>rnoeun1cn.</strong></span> 
     </span>
    </p>
   </div>
   <div class='ocr_carea' id='block_1_6' title="bbox 249 3483 1217 3832">
    <p class='ocr_par' dir='ltr' id='par_1_8' title="bbox 249 3483 1217 3832">
     <span class='ocr_line' id='line_1_21' title="bbox 300 3483 1217 3593; baseline -0.001 -23"><span class='ocrx_word' id='word_1_134' title='bbox 300 3497 461 3588; x_wconf 83' lang='lat' dir='ltr'><strong>Aleator,</strong></span> <span class='ocrx_word' id='word_1_135' title='bbox 494 3494 627 3593; x_wconf 86' lang='lat' dir='ltr'><strong>quanto</strong></span> <span class='ocrx_word' id='word_1_136' title='bbox 652 3483 788 3569; x_wconf 75' lang='lat' dir='ltr'><strong>in‘arte</strong></span> <span class='ocrx_word' id='word_1_137' title='bbox 806 3494 855 3568; x_wconf 87' lang='lat' dir='ltr'><strong>cst</strong></span> <span class='ocrx_word' id='word_1_138' title='bbox 873 3494 1006 3587; x_wconf 89' lang='lat' dir='ltr'><strong>melior,</strong></span> <span class='ocrx_word' id='word_1_139' title='bbox 1041 3508 1142 3567; x_wconf 89' lang='lat' dir='ltr'><strong>tanto</strong></span> <span class='ocrx_word' id='word_1_140' title='bbox 1164 3484 1217 3569; x_wconf 83' lang='lat' dir='ltr'><strong>est</strong></span> 
     </span>
     <span class='ocr_line' id='line_1_22' title="bbox 422 3612 1172 3713; baseline -0.005 -26"><span class='ocrx_word' id='word_1_141' title='bbox 422 3617 581 3713; x_wconf 86' lang='lat' dir='ltr'><strong>nequior.</strong></span> <span class='ocrx_word' id='word_1_142' title='bbox 647 3612 653 3653; x_wconf 81' lang='lat'><em>³</em></span> <span class='ocrx_word' id='word_1_143' title='bbox 1168 3638 1172 3647; x_wconf 74' lang='grc'><strong><em>’</em></strong></span> 
     </span>
     <span class='ocr_line' id='line_1_23' title="bbox 249 3728 1163 3832; baseline -0.007 -25"><span class='ocrx_word' id='word_1_144' title='bbox 249 3734 416 3809; x_wconf 86' lang='lat' dir='ltr'><strong>Benevosi</strong></span> <span class='ocrx_word' id='word_1_145' title='bbox 428 3737 627 3832; x_wconf 57' lang='lat' dir='ltr'><strong>conjunctio</strong></span> <span class='ocrx_word' id='word_1_146' title='bbox 643 3734 748 3807; x_wconf 87' lang='lat' dir='ltr'><strong>animi</strong></span> <span class='ocrx_word' id='word_1_147' title='bbox 760 3728 978 3805; x_wconf 81' lang='lat' dir='ltr'><strong>maximaest</strong></span> <span class='ocrx_word' id='word_1_148' title='bbox 988 3734 1163 3829; x_wconf 84' lang='lat' dir='ltr'><strong>cognatio.</strong></span> 
     </span>
    </p>
   </div>
   <div class='ocr_carea' id='block_1_7' title="bbox 241 3852 1215 4043">
    <p class='ocr_par' dir='ltr' id='par_1_9' title="bbox 241 3852 1215 4043">
     <span class='ocr_line' id='line_1_24' title="bbox 241 3852 1152 3953; baseline -0.012 -24"><span class='ocrx_word' id='word_1_149' title='bbox 241 3854 471 3951; x_wconf 70' lang='lat' dir='ltr'><strong>Conscientia</strong></span> <span class='ocrx_word' id='word_1_150' title='bbox 484 3856 589 3929; x_wconf 86' lang='lat' dir='ltr'><strong>animi</strong></span> <span class='ocrx_word' id='word_1_151' title='bbox 607 3854 713 3927; x_wconf 85' lang='lat' dir='ltr'><strong>nullas</strong></span> <span class='ocrx_word' id='word_1_152' title='bbox 725 3855 859 3932; x_wconf 81' lang='lat' dir='ltr'><strong>invenit</strong></span> <span class='ocrx_word' id='word_1_153' title='bbox 871 3852 1006 3953; x_wconf 85' lang='lat' dir='ltr'><strong>linguae</strong></span> <span class='ocrx_word' id='word_1_154' title='bbox 1023 3872 1152 3953; x_wconf 84' lang='lat' dir='ltr'><strong>preces.</strong></span> 
     </span>
     <span class='ocr_line' id='line_1_25' title="bbox 683 3965 1215 4043; baseline -0.013 0"><span class='ocrx_word' id='word_1_155' title='bbox 683 3970 719 4043; x_wconf 87' lang='lat' dir='ltr'>N</span> <span class='ocrx_word' id='word_1_156' title='bbox 1072 3965 1215 4041; x_wconf 85' lang='lat' dir='ltr'><strong>Dixeris</strong></span> 
     </span>
    </p>
   </div>
   <div class='ocr_carea' id='block_1_8' title="bbox 0 0 1555 4775">
    <p class='ocr_par' dir='ltr' id='par_1_10' title="bbox 0 0 1555 4775">
     <span class='ocr_line' id='line_1_26' title="bbox 0 0 1555 4775; baseline 0 0"><span class='ocrx_word' id='word_1_157' title='bbox 0 0 1555 4775; x_wconf 95' lang='lat' dir='ltr'><strong> </strong></span> 
     </span>
    </p>
   </div>
  </div>
 </body>
</html>
