3100 4775
333 749 341 814 3
430 661 1008 812 'suasurus¹
1135 665 1179 806 m

230 911 277 982 Sic
291 906 502 1008 prosecutus:
543 903 622 976 Plus
639 925 711 974 non
738 899 848 975 habeo
865 891 1069 986 mehercule,

230 1029 286 1101 Sed
299 1027 389 1100 unde
406 1027 560 1121 accipere
575 1019 684 1117 pollis,
709 1017 908 1091 monstrabo
929 1015 1007 1087 tibi.

230 1150 325 1220 Venit
342 1169 424 1218 ecee
440 1126 536 1216 dives
550 1160 585 1212 et
603 1159 749 1238 potens3
785 1139 864 1208 huic
880 1135 1031 1207 similiter

229 1269 371 1363 Impinge
386 1263 546 1360 lapidem,
571 1280 607 1332 et
622 1261 765 1356 dignum
783 1258 924 1352 accipies
941 1255 1142 1350 praemium.

230 1383 389 1455 Persuasus
407 1381 463 1452 ille
479 1380 575 1469 fecit,
601 1379 694 1474 quod
711 1380 861 1449 monitus
878 1375 958 1446 suit.

231 1505 291 1576 Sed
306 1502 381 1604 spes,
391 1501 512 1574 fefellit
529 1500 761 1598 impudentem
780 1497 974 1569 audaciam:

231 1617 451 1720 Comprensus
467 1642 615 1716 namque
631 1639 755 1714 poenas
772 1611 933 1712 persolvit
950 1631 1063 1684 cruce.

511 1923 848 2045 'sanun

507 2168 679 2230 musca
704 2169 922 2256 inmuni.

348 2355 463 2429 Usen
484 2353 672 2429 intemone
685 2352 784 2446 sedit,
797 2372 833 2428 et
842 2353 975 2427 Mulam
988 2354 1185 2447 increpans:

361 2472 637 2571 Qramtardeis?
657 2475 784 2569 inquit,
796 2476 927 2545 nonnis
939 2474 1037 2545 eitius
1048 2460 1222 2571 progredi?

232 2592 337 2683 Vide,
354 2592 481 2663 dolone
495 2616 539 2664 ne
558 2592 684 2665 collum
701 2616 850 2688 pungam
867 2592 946 2664 tibi.

230 2708 420 2807 Respondit
438 2708 517 2782 illa:
548 2709 748 2783 verbisnon
764 2732 907 2783 moveor
923 2712 1015 2803 tuis;

230 2828 296 2899 Sed
313 2827 417 2901 istum
435 2830 555 2920 timeo,
579 2826 655 2899 sellai
671 2830 730 2925 qui
747 2826 856 2924 primi
871 2825 1000 2916 sedens,

150 3021 151 3026 ,
230 2945 362 3045 Jugum
376 2944 514 3041 flagello
531 2962 698 3041 temperat
716 2946 827 3037 lento,
854 2946 940 3019 mihi

229 3060 279 3133 Et
298 3086 360 3134 ora
377 3061 481 3135 frenis
499 3064 654 3133 continet
672 3059 914 3159 spumantibus,

232 3178 455 3277 Qnapropter
472 3179 565 3252 auser
582 3179 744 3253 frivolam
760 3177 976 3253 insolentiam
993 3204 1005 3269 3

234 3300 410 3396 Namque,
435 3300 495 3373 ubi
513 3301 706 3376 tricandum
722 3300 776 3390 sit,
806 3300 865 3371 ubi
883 3298 1099 3392 currendum,
1124 3295 1205 3367 scio.

281 3416 357 3489 Haic
374 3415 522 3488 derideri
537 3414 652 3489 sabuli
665 3420 789 3495 merito
806 3416 932 3513 potest,

233 3530 307 3633 Qi
324 3532 395 3609 stne
412 3536 542 3607 virtute
559 3558 664 3607 vanas
680 3553 818 3606 exercet
836 3536 954 3615 minas.

934 3816 939 3827 ·
1055 3768 1207 3851 ΕΑΒ.
