3100 4775
391 665 394 670 ’
505 707 756 789 trouu
810 711 853 786 u.
1126 725 1166 808 31

449 1109 932 1193 EPILOGUS.

307 1309 438 1388 Eeorr
461 1313 601 1412 ingenio
618 1309 763 1386 statuam
775 1307 913 1410 posuere
927 1307 1064 1404 Attici;

352 1435 563 1536 Servumque
579 1433 789 1509 collocarunt
808 1429 945 1510 aeterni
961 1434 996 1506 in
1013 1431 1093 1528 bafi,

215 1549 332 1627 Patere
347 1555 490 1629 honoris
507 1554 642 1628 homini
657 1551 782 1626 scirent
800 1567 837 1624 ut
855 1553 959 1646 viam,

211 1669 289 1744 Nec
303 1675 420 1770 generi
437 1672 557 1768 tribui,
581 1671 637 1748 scd
655 1672 793 1766 virtuti,
810 1669 972 1770 gloriam.

214 1784 328 1888 Qum
339 1789 413 1888 jam
430 1791 605 1890 occuparit
621 1787 719 1882 alter,
735 1812 800 1864 uae
817 1789 845 1862 it
862 1789 989 1890 primus
1005 1787 1084 1886 fuitr

214 1907 269 1982 Ne
280 1904 470 2002 somnifer,
488 1907 600 1984 studui
613 1930 692 2006 ego,
709 1908 803 2006 quod
815 1904 990 2010 superfuit.
1068 1911 1072 1920 '

214 2023 336 2124 Neque
350 2025 434 2100 hacc
451 2024 593 2120 invidio,
617 2047 739 2100 verum
754 2021 806 2100 cst
823 2023 1016 2100 aemulatio.

214 2137 315 2242 Quod
333 2137 358 2214 st
374 2139 483 2216 labori
499 2140 623 2218 foverit
639 2142 779 2216 Latium
796 2163 887 2236 meo,

215 2255 331 2333 Plurcr
347 2258 497 2348 habebit,
522 2283 608 2358 quor
625 2276 776 2360 opponat
795 2257 971 2334 Graeciae.

215 2371 275 2449 Sin
290 2373 384 2450 livor
400 2373 591 2451 obtrectare
608 2400 724 2453 curam
737 2374 899 2469 uoluerit,

214 2487 297 2563 Non
314 2507 429 2565 motem
445 2493 567 2595 cripiet
584 2490 690 2570 laudis
705 2488 962 2565 conscientiam.

215 2602 250 2677 si
267 2601 422 2677 nostrum
437 2602 478 2677 ad
492 2628 586 2679 aures
603 2604 759 2707 pervenit
775 2601 925 2681 studium
943 2622 1029 2699 tuot,

215 2716 263 2795 Et
278 2739 352 2797 arte
368 2720 462 2795 fluas
480 2724 609 2798 mimus
622 2718 725 2802 scutit
743 2719 884 2815 fabulas,

214 2841 365 2917 Omnem
381 2840 551 2941 querelam
568 2840 744 2917 submovet
759 2839 917 2919 feliciter.

216 2956 406 3035 sinautem
423 2976 459 3033 et
476 2958 542 3033 illis
559 2956 670 3033 doctis
686 2974 845 3035 occurret
862 2956 971 3053 labor,

216 3072 359 3147 Sinistra
376 3096 463 3171 quor
478 3074 516 3147 itt
533 3072 644 3148 lucem
661 3090 782 3147 notura
800 3071 940 3167 extulit,

215 3194 293 3268 Nec
308 3195 369 3293 qui
385 3194 573 3294 quidquam
590 3194 728 3287 audem,
754 3192 816 3267 nm
834 3192 991 3273 melioret
1008 3214 1157 3305 corpere,

215 3309 329 3386 Fitrle
344 3310 495 3385 edictum
511 3310 614 3385 corde
630 3312 753 3387 durato
767 3310 889 3405 feram,

215 3428 338 3517 Donec
354 3426 545 3513 fortunam
560 3430 711 3513 criminis
727 3429 850 3531 pudeat
863 3429 925 3509 sui.

923 3696 1180 3787 PHAEDRI
