3100 4775
373 695 377 698 ·
421 672 918 749 ·.;.·r.1u‘r:.rr.:1u..
1170 687 1221 774 35

256 849 437 934 Auxilium
454 855 555 950 petiit
572 856 722 928 hominis
732 878 761 946 ;.·
774 855 880 951 que'm
894 849 993 926 dorso
1008 853 1138 949 levana,
1159 887 1162 894 λ
1207 865 1218 920 t

255 971 344 1044 Adit
361 973 497 1068 hostem
507 973 629 1058 iaetus.
678 975 788 1071 Jadtis
802 991 885 1046 tunc
904 973 978 1046 telis
995 996 1120 1071 equesv
1159 983 1178 1044 1'.

258 1092 447 1195 Postquam
465 1093 651 1187 interfecit,
676 1096 870 1172 srcioeutus
888 1094 1045 1168 traditur.⁴
1161 1125 1178 1164 ,ι
1201 1119 1217 1190 ς,

257 1213 388 1286 Laetor
403 1215 512 1288 tulisse
528 1217 693 1289 auxilium
710 1241 765 1290 me
782 1212 931 1314 praesens
949 1214 1052 1304 tibi,
1111 1279 1115 1291 ,
1163 1213 1168 1254 ·’
1186 1229 1216 1276 ἰ

257 1335 352 1408 Nam
367 1339 525 1432 praedam
536 1355 573 1410 et
587 1340 677 1435 cepi,
698 1356 737 1408 et
753 1337 860 1410 didici
877 1358 980 1432 quam
996 1331 1035 1406 fis
1051 1331 1155 1410 utilis.
1206 1385 1210 1396 ·

257 1454 377 1552 Atque
392 1461 442 1530 ita
458 1459 571 1555 eodgit
585 1457 700 1532 frenos
715 1461 866 1530 invitum
883 1459 966 1554 pati.
982 1463 1001 1522 “,
1034 1485 1038 1492 ·
1119 1487 1136 1502 ν’
1211 1494 1214 1502 ·

257 1577 351 1650 Tum
367 1578 515 1652 moestus
530 1579 611 1653 ille:
648 1579 777 1652 Parvae
795 1579 980 1652 vindictam
997 1577 1074 1650 rei.
1181 1633 1183 1640 .

255 1695 355 1772 Dum
371 1723 499 1797 quaero
515 1701 664 1790 demens,
693 1697 891 1774 seruitutem
904 1702 1031 1798 reperi.
1067 1707 1076 1716 ”
1115 1752 1150 1769 .,

313 1820 405 1896 Haec
421 1822 602 1893 iracundos
617 1817 813 1892 admonebit
833 1818 956 1910 sabula,
974 1805 976 1812 ’
1042 1821 1045 1828 ’

254 1942 398 2038 Impune
413 1941 513 2015 malle
529 1944 627 2039 laedi,
652 1967 757 2042 quarn
773 1943 851 2014 dedi
862 1943 980 2014 alteri.

601 2219 757 2294 ran.
813 2205 893 2330 rua

662 2355 856 2461 roura·
901 2357 904 2364 ⁵

332 2556 413 2629 Lus
440 2553 558 2631 esseio
572 2582 644 2631 uno
657 2556 764 2655 saepe,
789 2582 891 2657 quam
909 2558 944 2631 in
962 2552 1072 2641 turba,
1097 2552 1194 2649 boni,

367 2676 575 2749 Narratione
590 2675 731 2775 posteris
748 2678 879 2749 tradam
894 2679 959 2749 hac
976 2676 1087 2749 brevi.

305 2792 454 2893 Qridam
470 2797 635 2870 decedens
652 2816 719 2869 tres
735 2786 897 2903 relinquit
912 2795 1021 2888 filias3

255 2910 372 2987 Unam
389 2914 583 3007 formosam,
607 2936 642 2990 et
660 2919 766 2991 oculis
783 2908 968 2990 renarrem
985 2918 1077 2991 viros
1086 2938 1100 3006 3
1205 2962 1208 2973 ·

257 3033 309 3108 At
325 3035 463 3111 alteram
481 3038 663 3130 lanificam,
687 3026 791 3134 frugi,
815 3054 851 3111 et
869 3034 1051 3126 rusticam3

258 3156 434 3231 Devotam
450 3163 535 3233 uino
551 3164 702 3253 tertiam,
728 3178 764 3235 et
783 3156 1012 3257 turpissimam.

140 3359 141 3378 ,
255 3282 386 3355 Harum
403 3300 516 3353 autem
534 3301 675 3359 matrem
692 3281 774 3354 sacir
792 3285 855 3352 hac
871 3268 1028 3351 heredem
1045 3270 1145 3347 senex
1206 3266 1209 3271 ’

140 3397 141 3487 ξ
265 3403 337 3475 Sub
353 3401 563 3493 conditione,
590 3423 698 3475 totam
715 3421 753 3473 ut
770 3402 944 3475 fortunam
960 3396 1067 3471 tribus

255 3523 460 3619 Aequaliter
475 3524 667 3616 distribuat,
693 3523 748 3595 sed
764 3524 823 3595 tali
841 3522 959 3611 modo,
1202 3620 1206 3631 ·

254 3648 313 3719 Ne
329 3646 410 3717 data
426 3643 608 3743 possideant
624 3664 681 3715 aut
697 3644 877 3734 fruantur,
911 3659 997 3733 tum,
1022 3626 1117 3711 simus
1199 3663 1205 3691 ι

252 3767 389 3845 Habere
402 3789 457 3837 res
472 3764 642 3855 desierint,
667 3789 749 3871 quas
766 3764 971 3859 acceperint,

326 3908 331 3917 ‘
1066 3880 1222 3961 Centena
